2038 3192
257 180 363 234 100
953 176 1133 221 LIBER
1164 177 1239 221 IV.

253 301 401 355 Haec
442 298 712 369 quondam
752 301 1004 367 cooperta
1044 316 1240 351 canens
1281 315 1385 350 vox
1423 316 1549 350 vera
1587 299 1884 368 prophetae

256 375 527 428 Eventum
565 390 744 425 rerum
782 371 1036 440 patefecit
1074 372 1132 424 in
1171 372 1355 424 ordine
1397 371 1581 425 saecli:

255 447 487 519 Argenti
524 446 755 515 triginta
794 445 966 497 minas
1006 463 1233 515 posuere
1272 444 1488 514 profani

255 522 374 575 Hoc
413 520 650 591 pretium
688 519 914 588 pretiosi
955 519 1195 588 corporis
1234 519 1604 587 instituentes,
1853 532 1938 573 640

258 595 413 657 Quod
452 612 576 647 mox
617 593 684 645 ad
721 592 877 662 figuli
915 610 1102 645 rursus
1141 592 1467 644 transfertur
1507 593 1759 662 agellum.

330 667 584 721 Traditus
626 669 708 719 est
747 666 988 719 trucibus
1027 666 1200 718 iustus
1244 666 1567 734 scelerisque
1608 665 1872 719 ministris

255 742 548 795 Militibus:
589 741 852 793 scelerata
890 739 1125 792 ludibria
1164 758 1385 808 corpore
1425 740 1662 809 praebet.

254 816 691 886 Purpureamque
729 812 813 865 illi
851 813 1090 866 tunicam
1130 813 1518 882 clamidemque
1557 813 1837 866 rubentem

256 890 524 943 Inducunt
562 887 839 957 spinisque
879 890 1042 955 caput
1080 887 1289 939 cinxere
1329 887 1588 956 cruentiS,
1855 900 1939 941 645

255 963 426 1033 Inque
466 963 638 1016 vicem
679 961 880 1030 sceptri
919 961 1162 1013 dextram
1202 962 1494 1013 comitatur
1531 961 1792 1013 harundO.

257 1037 397 1090 Tum
438 1036 664 1106 genibus
704 1034 816 1087 nixi
854 1051 1039 1103 regem
1080 1034 1461 1103 dominumque
1503 1034 1744 1087 salutant

256 1111 486 1164 Iudaeae
527 1110 727 1180 gentis,
766 1108 958 1161 faciem
998 1108 1176 1160 lavere
1217 1107 1401 1160 salivis

257 1184 474 1237 Vertice
515 1187 570 1235 et
608 1182 666 1234 in
704 1185 891 1234 saneto
931 1181 1109 1251 plagis
1148 1182 1323 1233 lusere
1362 1181 1622 1234 nefandis,

332 1257 482 1310 Haec
520 1256 616 1308 ubi
653 1254 923 1325 transegit
964 1254 1121 1306 miles
1161 1254 1397 1307 ludibria
1436 1255 1652 1309 demens
1663 1298 1676 1323 ,
1858 1268 1942 1308 650

256 1331 513 1385 Indutum
550 1328 801 1399 propriae
842 1329 1071 1381 ducebat
1109 1328 1353 1398 tegmina
1390 1329 1556 1381 vestis

260 1405 335 1459 Et
375 1403 546 1458 crucis
587 1403 654 1456 ad
693 1420 924 1471 poenam
966 1404 1212 1455 sanctum
1250 1402 1557 1472 iustumque
1596 1402 1899 1456 trahebant.

259 1478 400 1532 Ecce
442 1477 536 1530 sed
575 1475 782 1546 egressi
820 1474 1086 1545 quendam
1125 1493 1311 1545 cepere
1352 1474 1626 1529 Simonem

259 1551 472 1622 Cyrena
513 1550 758 1621 genitum
796 1549 1111 1632 lignumque
1153 1548 1360 1601 adferre
1399 1549 1678 1618 iubebant,

261 1626 379 1689 Quo
420 1625 697 1678 dominum
736 1623 871 1677 lucis
911 1622 1073 1675 iussis
1114 1621 1367 1693 suffigere
1408 1624 1579 1676 saevis
1857 1635 1941 1676 655

260 1699 478 1753 Instans
517 1698 750 1767 urgebat
791 1697 955 1750 saecli
992 1695 1328 1749 inmutabilis
1369 1696 1516 1749 ordo.

260 1772 336 1826 At
374 1775 664 1842 postquam
703 1774 924 1823 ventum
962 1772 1067 1839 est,
1106 1769 1200 1822 ubi
1236 1770 1377 1823 ruris
1418 1768 1695 1840 Golgotha
1732 1787 1945 1840 nomen,

260 1847 595 1899 Permixtum
633 1843 753 1897 felli
791 1845 978 1897 vinum
1017 1843 1149 1896 dant
1186 1844 1381 1912 pocula
1422 1842 1657 1898 Christe.

260 1919 362 1972 Ille
402 1919 495 1972 sed
533 1918 590 1970 in
631 1935 841 1970 summo
882 1919 1046 1987 gustu
1084 1920 1317 1970 tractata
1355 1921 1590 1984 recusat,

261 1992 376 2046 Nec
414 1995 602 2045 tamen
637 1990 904 2044 insultans
936 1990 1216 2042 hominum
1248 1990 1400 2043 furor
1432 1991 1614 2043 omnia
1645 1991 1835 2059 poscit.
1861 2004 1944 2045 660

263 2066 486 2135 Iamque
526 2064 670 2118 cruci
707 2064 873 2117 fixum
912 2063 1183 2132 pendebat
1221 2063 1279 2115 in
1318 2063 1508 2117 arbore
1550 2082 1767 2132 coerS‚

263 2139 615 2208 Intactaeque
657 2137 801 2190 dedit
840 2137 1054 2190 tunicae
1095 2137 1195 2212 sub
1235 2140 1379 2190 sorte
1418 2155 1515 2207 per
1554 2155 1738 2191 omnes

262 2213 460 2266 Militis
499 2212 656 2265 unius
697 2229 919 2265 servans
962 2228 1217 2279 possesso
1259 2213 1484 2263 textum.

262 2287 339 2340 Et
378 2287 639 2355 scriptum
679 2302 869 2339 causae
908 2284 1127 2336 titulum
1168 2284 1451 2353 meritique
1491 2285 1759 2351 locarunt,

265 2360 422 2423 Quod
460 2377 553 2412 rex
591 2358 820 2411 Iudaeae
858 2357 1032 2426 plebis
1073 2358 1352 2427 gentisque
1391 2358 1597 2411 fuisset.
1860 2370 1943 2412 665
2035 2422 2038 2427 Δ

265 2433 498 2501 Accidit,
536 2436 598 2486 ut
635 2432 841 2502 pariter
880 2449 1083 2500 poenae
1122 2433 1393 2485 consortia
1430 2431 1634 2485 ferrent

384 2553 468 2592 643
503 2548 728 2592 scelerum
759 2546 916 2602 Area,
950 2547 1136 2591 sanctus
1169 2547 1331 2591 Huem.
1356 2548 1371 2603 ΙΙ
1396 2551 1480 2591 648
1514 2547 1772 2603 faciemque
1808 2545 1942 2605 OlRfl

264 2608 424 2652 labare
459 2606 586 2662 Mat,
618 2606 778 2650 lauare
810 2605 866 2649 H
891 2607 931 2661 (r
961 2607 1014 2650 in
1042 2607 1153 2662 ras.)
1187 2606 1423 2659 Dave‘ntr„
1455 2605 1609 2650 lavere
1631 2606 1668 2650 Ο
1691 2607 1706 2662 ΙΙ
1730 2610 1813 2650 651
1846 2607 1946 2662 teg·
2031 2631 2038 2655 „-

266 2666 394 2710 mina
427 2665 497 2721 0¹,
528 2664 736 2721 tegmine
766 2666 781 2721 ΙΙ
821 2667 905 2708 659
938 2666 1136 2709 tractare
1167 2664 1315 2709 RTL
1334 2665 1444 2709 Mat
1460 2665 1545 2721 Mp
1578 2666 1810 2721 (trattare)
1847 2665 1946 2709 Met
2017 2671 2038 2723 gg

265 2725 395 2781 Bam
425 2728 534 2781 post
571 2725 692 2769 hwnc
729 2737 768 2767 v.
802 2724 1025 2780 sequitwr:
1063 2723 1128 2768 Ut
1166 2722 1280 2767 satis
1319 2723 1523 2780 antiquis
1555 2724 1687 2768 fieret
1717 2737 1800 2779 per
1829 2722 1946 2767 talia
2017 2742 2038 2779 ,ς

267 2783 406 2828 dictis
441 2782 495 2838 Ο,
525 2783 603 2827 sed
631 2782 839 2840 spurium
870 2795 959 2826 esse
988 2787 1099 2838 puto
1122 2784 1138 2839 ΙΙ
1161 2787 1248 2827 660
1278 2782 1427 2839 possit
1457 2782 1526 2837 M,
1559 2781 1707 2839 poss&
1723 2781 1797 2827 R*
1821 2783 1945 2839 (pos·
2024 2794 2038 2844 ἐς

267 2843 329 2887 sit
358 2840 475 2898 R**)
519 2842 535 2898 ΙΙ
581 2846 665 2886 661
705 2841 854 2886 crucis
893 2840 956 2884 M
958 2858 973 2894 ,·
1012 2846 1120 2897 post
1147 2842 1270 2887 hunc
1298 2855 1474 2886 versum
1504 2843 1722 2887 inem-tum
1751 2844 1815 2886 est
1843 2841 1947 2886 hoc:
2018 2838 2022 2854 ²

266 2901 524 2957 Vestesque
565 2899 739 2945 milites
778 2898 866 2943 1111
897 2899 1164 2955 partiuntur
1193 2899 1241 2943 in
1271 2901 1427 2957 partes
1459 2900 1521 2944 M
1553 2905 1595 2955 ep
1632 2900 1777 2945 simile
1806 2900 1945 2956 quod·
2014 2903 2016 2907 ’

266 2961 372 3005 dam
401 2961 455 3005 in
486 2957 544 3004 (1²
575 2964 616 3005 et
645 2959 697 3004 in
726 2972 868 3017 mary.
901 2957 1061 3003 RTK
1087 2963 1127 3004 et
1152 2964 1257 3016 post
1286 2973 1325 3003 v.
1358 2962 1454 3005 662
1490 2958 1667 3004 G³Bod
2006 2967 2019 2974 ”
