2038 3192
201 101 310 153 104
903 99 1083 145 LIBER
1114 100 1191 145 IV.

205 221 505 275 Occurrunt
544 221 671 274 illae
712 222 766 274 et
805 221 1031 290 genibus
1070 221 1380 291 plantisque
1419 223 1699 292 prehensis

204 294 480 348 Victorem
520 295 616 348 leti
655 294 880 364 pavidae
918 297 1243 348 venerantur
1280 295 1474 348 Iesum.

207 368 431 422 Talibus
473 368 565 421 ille
606 368 798 421 dehinc
835 368 1137 438 praeceptis
1177 371 1397 438 pectora
1435 370 1638 422 firmat:
1803 384 1889 424 770

202 442 512 512 „Mentibus
554 441 785 494 absistat
823 441 949 494 fidei
987 460 1156 510 pavor
1196 443 1370 494 omnis
1412 446 1466 495 et
1503 443 1612 496 ista

202 515 484 569 Fratribus
525 533 591 568 en
629 514 831 568 nostris
872 533 1099 585 propere
1137 516 1393 569 mandata
1433 516 1644 570 referte.

205 589 395 643 Nostri
436 592 756 659 conspectus
797 589 843 641 si
883 607 1010 642 cura
1051 591 1156 654 est,
1195 590 1271 642 ite
1310 590 1554 643 volentes

206 664 375 732 Inque
416 661 713 716 Galilaeam
755 680 983 732 propere
1021 663 1376 716 transcurrite
1417 664 1668 717 terram.“

277 736 492 790 Interea
530 737 740 790 tumulo
782 736 1064 790 custodum
1105 737 1364 790 exterrita
1404 738 1585 807 eorda3
1796 751 1891 792 775

204 810 431 864 Mittunt
472 828 499 863 e
538 828 760 863 numero
801 813 1036 879 partem,
1076 829 1212 879 quae
1251 814 1408 864 tanta
1446 811 1668 864 referret

204 884 418 938 Iudaeis
458 902 638 937 rerum
678 884 952 938 miracula.
1015 882 1118 937 Sed
1157 903 1347 938 manus
1389 903 1572 938 amens

205 958 324 1011 Iam
366 958 532 1011 semel
572 958 764 1012 insano
804 958 1018 1026 penitus
1061 957 1255 1011 devota
1292 958 1460 1011 furori

205 1031 454 1085 Praemia
493 1032 758 1084 militibus
799 1031 1047 1084 certatim
1086 1049 1286 1102 magna
1325 1032 1570 1102 rependit

206 1105 280 1159 Et
317 1105 520 1158 famam
560 1108 784 1176 argento
825 1104 1062 1174 redimit,
1102 1105 1242 1175 quod
1280 1106 1465 1159 limine
1504 1109 1663 1176 rupto
1803 1119 1892 1160 780
1950 1152 1952 1155 .
2019 1113 2021 1115 ’

206 1178 416 1232 Furtim
458 1180 736 1232 sustulerit
776 1197 970 1248 corpus
1011 1178 1230 1231 defensa
1269 1179 1505 1232 tenebris

208 1251 427 1306 Occulte
467 1252 681 1321 rapiens
723 1252 946 1305 audacia
986 1251 1384 1321 discipulorum.

280 1326 502 1396 Iamque
543 1325 816 1379 Galilaeos
859 1326 1240 1379 conscenderat
1280 1326 1439 1379 anxia
1478 1330 1690 1380 montes

208 1400 481 1453 Mandatis
524 1399 727 1452 Christi
768 1417 1087 1453 concurrens
1126 1400 1288 1453 turba
1328 1418 1570 1453 suorum:

210 1472 459 1527 Cernitur
499 1492 618 1527 ecce
659 1473 770 1526 suis
809 1474 988 1542 proles
1028 1473 1330 1527 veneranda
1368 1475 1626 1527 tonantis,
1807 1487 1893 1529 785

208 1547 367 1601 Illum
407 1547 766 1618 procumbens
808 1549 990 1600 sancte
1030 1546 1223 1600 chorus
1264 1547 1439 1600 omnis
1480 1548 1693 1617 adorat3

208 1620 321 1676 Nec
360 1625 545 1674 tamen
583 1621 641 1673 in
681 1621 884 1674 cunctis
925 1620 1130 1689 pariter
1168 1621 1392 1674 fundata
1430 1622 1684 1674 manebat

208 1695 524 1749 Pectoribus
564 1694 760 1763 virtUS,
797 1712 922 1747 nam
963 1713 1090 1763 pars
1131 1693 1416 1748 dubitabat
1456 1712 1655 1748 eorum.

209 1769 359 1823 Tunc
399 1769 475 1822 sic
515 1769 808 1838 discipulos
849 1769 1025 1821 clarus
1066 1769 1354 1838 compellat
1392 1769 1566 1822 Iesus:

209 1843 310 1911 „In
351 1843 500 1896 caelo
542 1845 596 1895 et
633 1843 791 1895 terris
833 1842 1046 1912 genitor
1086 1842 1220 1894 mihi
1260 1845 1452 1896 cuncta
1491 1842 1729 1912 subegit,
1807 1855 1893 1896 790

209 1916 296 1969 Me
336 1919 491 1985 pater
530 1918 614 1968 est
651 1915 807 1969 vobis
848 1915 1100 1984 dignatus
1140 1916 1356 1969 mittere
1395 1917 1582 1970 lucem.

210 1989 474 2043 Gentibus
515 1989 651 2042 haut
690 1989 849 2041 aliter
887 2006 1028 2041 nunc
1066 2007 1161 2042 vos
1203 2006 1301 2059 ego
1343 1990 1558 2042 mittere
1598 1989 1803 2043 cunctis

209 2063 451 2133 Institui,
490 2065 731 2116 vestrum
772 2065 855 2115 est
894 2065 1111 2115 cunctas
1151 2062 1286 2115 mihi
1323 2063 1546 2133 iungere
1586 2066 1788 2132 gentes.

208 2137 429 2208 Pergite
470 2139 524 2190 et
564 2136 778 2190 ablutos
817 2136 1064 2190 homines
1104 2136 1463 2206 purgantibus
1503 2136 1659 2189 undis

210 2211 443 2265 Nomine
483 2211 581 2263 sub
624 2212 809 2263 sancto
848 2209 1021 2279 patris
1059 2210 1282 2278 natique
1322 2210 1523 2278 lavate,
1808 2222 1892 2263 795

209 2284 425 2338 Vivifici
465 2284 669 2353 pariter
708 2286 927 2338 currant
967 2282 1265 2352 spiramina
1302 2283 1479 2337 flatus.

210 2358 540 2428 Ablutisque
581 2357 771 2411 dehinc
809 2359 998 2410 nostra
1036 2357 1306 2411 insinuate
1346 2358 1596 2411 docentes

210 2432 526 2501 Praecepta,
565 2434 626 2484 ut
665 2431 830 2484 vitam
869 2430 1081 2500 possint
1122 2431 1328 2500 agitare
1368 2449 1680 2501 perennem3

210 2505 324 2558 Nec
365 2506 520 2558 vobis
559 2523 814 2574 umquam
852 2505 1027 2557 nostri
1066 2504 1372 2574 praesentia
1412 2504 1607 2574 deerit,

211 2579 396 2632 Donec
437 2596 755 2632 consumens
795 2578 1056 2632 dissolvat
1097 2579 1311 2632 saecula
1349 2578 1529 2632 finis.'‘
1809 2591 1895 2632 800

213 2694 318 2739 Mat
341 2695 355 2751 ΙΙ
380 2699 463 2739 772
495 2694 611 2737 haec
628 2693 673 2737 R
691 2693 765 2748 1⁷¹,
797 2693 906 2738 hinc
924 2693 1152 2749 MABL,
1185 2706 1244 2737 en
1269 2693 1394 2750 1⁷89,
1425 2707 1465 2738 v.
1498 2694 1615 2738 deest
1641 2694 1749 2738 Mat
1772 2695 1786 2751 ΙΙ
1812 2697 1896 2738 775

210 2753 381 2798 tumuli
411 2752 641 2798 RBLV¹
665 2754 679 2809 ΙΙ
705 2757 789 2796 ’786
825 2753 1012 2796 sanctus
1044 2752 1273 2809 V¹*·Mp,
1303 2753 1355 2796 in
1387 2752 1450 2797 M
1472 2752 1655 2797 verbum
1683 2754 1737 2796 in
1760 2756 1897 2809 parte

211 2813 317 2867 folii
347 2812 509 2857 avulsa
540 2815 602 2856 est
624 2813 640 2866 ΙΙ
665 2815 749 2855 788
782 2824 961 2855 eorum:
993 2812 1066 2855 hie
1097 2812 1263 2856 desinit
1282 2812 1344 2855 M
1363 2813 1378 2868 ΙΙ
1404 2815 1487 2856 799
1519 2813 1679 2856 nostra
1698 2810 1898 2870 VlMatss

213 2870 394 2916 Subscr.
413 2871 466 2915 in
485 2871 594 2915 Mat
611 2868 834 2927 (Explicit
848 2869 967 2914 liber
983 2869 1072 2913 IIII
1103 2868 1306 2915 quenci.
1338 2869 1458 2915 Item
1481 2868 1644 2927 ipsius)
1671 2869 1898 2915 L0³Bod

214 2929 419 2986 (Finiunt
450 2927 537 2973 1111
576 2927 686 2973 libri
725 2928 927 2973 quenci.
963 2928 1216 2987 [Incipiunt
1246 2929 1430 2988 LBod]
1463 2942 1624 2973 versus
1657 2928 1895 2986 eiusdem).
