2038 3192
786 91 1258 169 PROLEGOMENA.
1781 126 1868 170 vu

181 249 463 315 poetarum
509 243 918 297 notissimorum
964 243 1235 296 interdum
1282 262 1313 296 a
1358 244 1595 298 librariis
1636 244 1869 299 Iuvenco

181 318 454 372 immerito
492 318 821 386 tribuuntur,
859 317 1007 369 velut
1045 317 1295 370 Aratoris
1336 318 1400 370 de
1438 318 1594 371 Actis
1634 319 1869 388 Aposto-

181 393 359 446 lorum
398 392 456 444 in
495 391 676 445 codice
715 390 947 459 quodam
986 390 1250 461 Ambros,
1292 390 1496 444 sedulii
1536 394 1870 461 prooemium

180 467 239 519 in
284 465 463 519 codice
505 465 740 534 quodam
780 462 907 516 San·
911 462 1114 532 Germ„
1161 465 1578 536 Epigrammata
1616 466 1870 536 Prosperi

179 539 443 609 Aquitani
490 539 547 591 in
587 538 699 591 cod.
740 538 833 590 lat.
874 537 984 591 544
1023 538 1156 591 bibl.
1195 538 1364 592 PariS.
1407 558 1540 592 saec.
1580 539 1729 593 XIII.
1805 541 1870 593 In

181 613 435 682 catalogo
484 611 627 664 enim
671 612 772 664 sub
820 629 905 664 no,
958 611 1024 664 13
1065 612 1224 664 huius
1266 612 1463 666 codicis
1504 614 1745 666 carmina
1784 613 1869 667 Iu·

180 687 333 740 venci
372 689 886 754 commemorantur,
927 685 1017 738 sed
1058 685 1126 739 H.
1170 685 1383 754 Dierks,
1423 705 1578 756 quem
1620 686 1870 741 Lutetiae

179 763 295 812 tum
341 762 649 813 versantem
696 758 948 829 precibus
997 759 1126 828 adii,
1181 761 1406 813 comiter
1452 778 1539 813 me
1586 761 1872 814 certiorem

178 833 330 902 fecit,
377 851 614 886 errorem
651 833 778 885 hinc
818 832 1112 898 exstitisse,
1168 835 1311 902 quod
1355 834 1412 887 in
1459 835 1706 904 margine
1752 835 1872 888 folii

184 905 321 960 145¹*
362 926 394 959 a
449 925 612 960 manu
661 907 964 976 posteriore
1009 907 1144 960 haec
1190 908 1357 960 verba
1404 908 1620 976 adpicta
1667 911 1870 961 essent:

178 979 666 1034 EPIGRAMATA
709 983 764 1033 et
796 980 961 1033 infra:
1002 978 1410 1035 UIUeNGIVM
1446 983 1453 1046 Ι
1487 981 1576 1035 ΒΕ
1616 981 1870 1044 RGQUIG

178 1052 437 1107 ADHUG
477 1053 556 1106 IN
599 1053 854 1107 GARNG.
925 1051 1206 1138 Syllabam
1246 1058 1426 1108 autem
1464 1055 1683 1108 finalem
1721 1055 1869 1109 vocis

177 1129 470 1182 uiuencivm
522 1146 634 1181 non
689 1128 821 1181 satis
877 1128 1220 1198 perspicuam
1275 1147 1391 1182 esse
1440 1147 1468 1182 e
1506 1128 1762 1182 faesimili
1802 1130 1869 1182 ab

178 1201 246 1254 Η.
286 1201 483 1254 Dierks
531 1201 667 1254 mihi
713 1202 878 1254 misso
928 1202 1150 1272 colligo,
1199 1202 1293 1255 sed
1339 1221 1450 1255 non
1490 1203 1699 1271 dubito,
1741 1203 1871 1272 quin

178 1293 283 1328 vox
313 1275 594 1329 vivencium
623 1275 708 1328 vel
731 1276 1009 1329 viventium
1035 1295 1066 1328 a
1090 1276 1316 1329 librario
1340 1277 1640 1346 posteriore
1666 1278 1870 1345 scripta

179 1348 272 1418 sit3
319 1349 452 1402 haec
499 1349 641 1401 em‘m
688 1348 892 1419 legitur
937 1349 995 1401 in
1039 1349 1362 1418 quibusdam
1402 1350 1690 1403 codicibus,
1699 1348 1757 1420 ²³⁸)
1802 1381 1868 1387 —

179 1391 284 1476 Sed
322 1440 463 1476 1111110
503 1422 570 1475 ad
610 1421 852 1476 codicum
892 1423 1129 1476 indolem
1169 1426 1223 1476 et
1263 1424 1645 1477 auctoritatem
1678 1423 1871 1477 descri—

176 1496 408 1550 bendam
446 1498 804 1549 transeamus.

289 1568 371 1623 Ac
387 1570 920 1640 praestantissimum
938 1570 1152 1639 quidem
1169 1570 1349 1623 locum
1367 1588 1434 1623 00
1447 1570 1562 1623 dex
1580 1569 1621 1624 G
1636 1571 1764 1624 olle
1778 1571 1871 1639 gii

178 1644 470 1714 corporis
496 1642 743 1696 Christi
767 1641 1340 1713 Cantabrigiensis
1366 1644 1476 1697 304
1502 1642 1618 1714 (0¹)
1645 1645 1871 1714 obtinet,

176 1717 326 1771 cuius
360 1717 779 1786 descriptionem
813 1734 845 1768 a
875 1717 989 1770 viro
1022 1716 1100 1770 ill.
1131 1717 1199 1771 H.
1234 1716 1531 1770 Bradshaw
1565 1717 1867 1772 confectam

178 1790 581 1860 Zangemeister
633 1790 692 1842 in
737 1790 844 1843 vol.
892 1790 965 1843 84
1016 1791 1143 1843 libri
1193 1789 1725 1860 „Sitzungsberichte
1776 1792 1870 1844 der

177 1865 312 1917 kais.
336 1863 636 1916 Akademie
662 1863 755 1915 der
772 1862 936 1917 Wiss,
961 1863 1333 1917 Phil.-Histor.
1359 1863 1577 1918 Classe“
1599 1885 1650 1935 p.
1676 1865 1783 1919 553
1802 1883 1869 1918 88.

177 1936 1025 2065 ΞὲἓῗοΡἭὲῗὲἶὲζὲῖἓωνῖῗ
1059 1938 1602 2082 Ziffip‘issniss'offissff
1605 1957 1871 2083 1333?ss

177 2085 352 2138 tribus
406 2084 554 2138 foliis
611 2084 905 2153 separatim
953 2085 1172 2138 adnexis
1219 2104 1407 2139 versus
1454 2086 1610 2156 illos,
1665 2087 1754 2156 qui
1803 2087 1871 2139 ad

175 2158 373 2212 Isidori
387 2157 729 2228 Hispalensis
746 2158 1136 2220 bibliothecam
1161 2159 1486 2228 pertinuisse
1506 2160 1756 2213 dicuntur
1765 2158 1871 2230 **)‚

178 2232 378 2285 litteris
433 2231 756 2300 capitalibus
812 2232 1068 2302 depictos,
1143 2233 1282 2286 Tum
1338 2232 1531 2287 folium
1576 2235 1613 2286 4
1660 2234 1869 2304 praefa-

179 2306 385 2359 tionem
431 2305 586 2359 illam
627 2306 888 2375 spuriam,
936 2325 1072 2376 quae
1114 2307 1178 2360 de
1219 2310 1478 2376 quattuor
1516 2308 1866 2378 evangelistis

180 2376 413 2450 est***),
445 2382 499 2432 et
530 2383 656 2450 post
681 2380 1134 2450 subscriptionem
1160 2399 1326 2451 supra
1349 2381 1628 2434 laudatam
1653 2382 1870 2435 initium

299 2495 342 2552 *)
373 2493 558 2539 Videsis
588 2493 762 2541 Patrol.
794 2494 877 2541 lat.
910 2495 1078 2553 Mignii
1109 2496 1223 2541 tom.
1257 2499 1312 2540 51
1346 2511 1392 2553 p.
1427 2501 1527 2542 503.

269 2552 339 2610 **)
371 2552 594 2599 Consulas
634 2553 807 2600 Patrol.
847 2554 929 2599 lat.
970 2554 1139 2611 Mignii
1178 2556 1292 2600 tom.
1332 2559 1390 2600 83
1429 2570 1474 2612 p.
1519 2559 1631 2600 1107
1657 2569 1714 2600 88.
1778 2555 1879 2602 Sed,

180 2613 326 2657 codex
364 2611 554 2657 Iuvenci
598 2626 692 2657 non
739 2613 896 2658 omnia
935 2612 1082 2658 habet
1128 2627 1248 2670 quae
1288 2613 1365 2658 hic
1405 2613 1533 2659 edita
1571 2615 1680 2660 sunt
1719 2627 1867 2670 eaque

178 2670 344 2715 multis
376 2669 493 2716 10018
524 2670 850 2729 discrepantia.

246 2729 345 2787 ***)
378 2729 504 2774 Haec
534 2729 766 2786 praefatio
798 2731 1114 2787 compluribus
1147 2731 1206 2776 de
1240 2731 1393 2776 causis
1424 2731 1615 2777 Iuvenci
1647 2745 1745 2776 esse
1775 2745 1870 2776 non

180 2790 350 2846 potest.
411 2787 534 2832 Nam
564 2803 607 2832 v.
643 2793 666 2833 1
708 2803 878 2834 nomen
909 2789 1140 2835 Matthaei
1177 2789 1465 2846 bisyllabum
1499 2790 1749 2847 legendum
1781 2791 1866 2845 est,

178 2847 306 2903 quod
348 2861 457 2892 usus
488 2847 680 2891 Iuvenci
709 2861 803 2893 non
834 2848 1044 2893 admittit
1075 2847 1150 2906 (cf.
1184 2849 1227 2892 H
1259 2852 1356 2906 96);
1391 2848 1474 2894 sed
1502 2849 1597 2893 iam
1628 2825 1870 2894 Prudentii

180 2907 395 2963 tempore
426 2905 604 2950 factum
636 2919 738 2951 esse
769 2919 864 2951 non
886 2921 1075 2964 prorsus
1098 2908 1367 2965 negandum
1390 2909 1476 2964 est,
1510 2922 1614 2952 cum
1637 2907 1676 2953 18
1700 2921 1870 2954 nomen
