2038 3192
154 172 240 217 XII
759 168 1226 214 PROLEGOMENA.

158 292 372 344 retinui.
447 290 855 358 Discrepantias
911 290 1207 359 scripturae
1261 289 1346 341 vel
1393 290 1642 343 lectionis
1689 309 1840 359 prae-

160 365 453 418 stantiores
502 366 716 416 tantum
765 362 1006 415 subicere
1051 363 1227 432 potui,
1282 381 1402 414 cum
1450 365 1685 432 spatium
1731 382 1841 417 non

158 438 512 507 permitteret,
550 440 610 488 ut
649 436 863 505 longior
903 453 1096 503 essem3
1142 436 1235 487 sed
1274 435 1542 488 interdum
1582 437 1841 490 lectiones

162 511 403 565 codicum
441 509 801 562 recentiorum
840 526 950 561 non
990 509 1317 561 omittendae
1357 512 1525 561 erant.

273 583 391 635 Illis
441 586 620 636 autem
670 582 891 634 ducibus
932 599 1131 652 magna
1169 583 1330 634 turba
1369 583 1610 635 codicum
1650 583 1772 635 inde
1812 602 1844 636 a

162 658 373 710 saeculo
427 675 570 709 nono
628 655 695 708 ad
749 655 1020 708 saeculum
1078 659 1288 708 sextum
1337 655 1600 708 decimum
1649 674 1705 708 se
1754 657 1842 709 ad-

158 731 359 801 iungit,
408 747 539 813 quos
588 729 771 798 paucis
819 728 997 781 verbis
1038 729 1331 782 absolvam.
1342 726 1399 800 ²⁸)
1477 731 1654 798 Atque
1698 733 1844 783 certa

161 804 349 857 classis
389 804 595 871 primae
634 802 869 872 vestigia
907 820 1036 870 prae
1077 820 1132 854 se
1171 801 1350 854 ferunt
1388 802 1445 854 hi
1484 803 1704 856 codices.

272 875 484 929 Codex
529 875 885 928 Vaticanus
935 872 1062 945 (Vl)
1111 876 1374 945 reginae
1423 874 1687 929 Sueciae
1734 877 1842 929 333

160 950 382 1003 membr.
421 948 480 1002 40
527 967 662 1002 saec.
701 947 905 1001 VIII—
912 947 989 1001 IX
1035 951 1096 1000 ut
1134 948 1398 1002 Arevalus
1448 950 1581 1002 dixit
1622 954 1676 1003 et
1713 949 1844 1004 Lud.

159 1023 283 1093 Ieep
323 1023 455 1088 vult,
495 1023 587 1092 qui
627 1022 888 1091 singulari
927 1022 1252 1074 liberalitate
1293 1023 1527 1076 codicem
1577 1024 1634 1075 in
1665 1042 1844 1076 meum

160 1115 317 1150 usum
373 1096 623 1163 contulit,
687 1096 775 1149 vel
830 1113 964 1148 saec.
1017 1094 1068 1147 X
1123 1098 1336 1148 auctore
1391 1095 1844 1166 Reifferscheidi0‚

164 1171 255 1239 qui
302 1170 357 1222 in
397 1170 502 1223 vol.
543 1169 612 1221 59
654 1169 782 1221 libri
819 1167 1352 1239 „Sitzungsberichte
1393 1170 1439 1222 d.
1479 1170 1614 1224 kais.
1652 1171 1756 1223 Ak.
1797 1171 1844 1224 d.

159 1242 325 1296 Wiss.
378 1241 681 1294 Phil.-Hist.
734 1240 950 1294 Classe“
994 1261 1045 1311 p.
1099 1242 1202 1294 110
1257 1242 1491 1295 codicem
1548 1244 1846 1313 descripsit.

161 1317 338 1369 Paene
379 1315 756 1385 apographum
794 1315 952 1368 huius
993 1314 1188 1368 codicis
1229 1319 1311 1367 est

273 1388 483 1442 Codex
509 1388 904 1442 Harleianus
933 1386 1065 1458 (Hl)
1092 1388 1236 1441 3093
1262 1390 1485 1444 membr.
1509 1388 1568 1442 40
1592 1408 1725 1443 saec.
1751 1390 1845 1455 XI,

163 1463 255 1532 qui
293 1459 682 1516 f011,1¹³—19b
714 1461 1008 1515 Iuvencum
1050 1462 1256 1514 duabus
1290 1463 1551 1515 columnis
1586 1465 1845 1532 scriptum

164 1537 424 1604 continet·
455 1536 725 1588 interdum
758 1554 877 1588 cum
902 1537 1054 1587 textu
1081 1535 1278 1588 codicis
1305 1534 1376 1590 V2
1401 1537 1650 1606 concinit,
1681 1538 1845 1589 inter-

163 1609 289 1662 dum
328 1609 587 1662 lectiones
629 1609 930 1678 singulares
970 1609 1210 1677 praebet.

276 1682 485 1736 Codex
532 1681 1147 1751 Montepessulanus
1190 1669 1338 1753 (ΜΡ)
1380 1684 1487 1736 362
1527 1684 1750 1736 membr.
1790 1681 1848 1736 40

166 1775 301 1810 saec.
347 1755 449 1824 IX,
498 1756 560 1807 de
608 1774 713 1824 quo
763 1775 812 1807 v.
861 1756 1145 1825 catalogue
1193 1756 1284 1808 des
1333 1756 1451 1826 dep.
1490 1755 1532 1808 Ι
1555 1777 1607 1826 p.
1645 1758 1754 1810 430
1794 1761 1848 1810 et

165 1829 204 1881 I.
267 1829 598 1882 Huemerum
666 1829 723 1881 in
783 1829 1026 1898 prolegg
1097 1829 1220 1881 edit.
1285 1828 1488 1882 Sedulii
1556 1850 1606 1900 p.
1668 1830 1847 1885 XIIII.

163 1902 221 1955 F.
281 1902 483 1955 Pithou
543 1919 739 1954 nomen
803 1919 959 1954 suum
1020 1901 1112 1954 fol.
1174 1903 1227 1953 1³
1289 1905 1342 1954 et
1397 1903 1493 1955 94³
1552 1904 1846 1972 inscripsit.

164 1975 448 2029 Lectiones
490 1976 622 2027 satis
655 1975 856 2027 multas
888 1975 1069 2042 habui,
1116 1992 1179 2026 ex
1211 1975 1405 2044 quibus
1439 1976 1673 2028 codicem
1705 1978 1847 2031 hunc

164 2052 533 2118 praestantem
573 2048 788 2100 vinculo
821 2051 971 2101 arcto
1005 2065 1126 2099 cum
1158 2047 1227 2100 0¹
1260 2048 1545 2102 cohaerere
1578 2054 1850 2118 appareat.

277 2121 491 2175 Codex
514 2121 921 2174 Matritensis
947 2118 1113 2191 (Mat)
1140 2139 1303 2174 cason
1331 2124 1398 2174 14
1423 2141 1506 2176 no,
1530 2123 1600 2175 22
1625 2125 1846 2178 membr.

165 2193 223 2248 40
270 2214 403 2248 saec.
449 2194 528 2246 IX
575 2198 629 2247 et
666 2194 730 2247 X.
805 2193 944 2246 Vide
993 2194 1055 2246 de
1104 2212 1164 2246 eo
1209 2194 1265 2247 P.
1305 2195 1496 2248 Evvald
1542 2196 1598 2248 in
1636 2196 1845 2265 „Neues

164 2268 369 2321 Archiv
426 2268 515 2320 fiir
569 2268 664 2320 alt.
719 2268 766 2319 d.
823 2266 1350 2320 Geschichtskundc“
1402 2268 1480 2321 VI
1536 2270 1641 2323 316
1670 2289 1735 2322 33.
1792 2275 1848 2323 et

166 2341 439 2394 Partschii
472 2341 597 2395 edit.
623 2339 846 2411 Corippi
869 2359 917 2409 p.
942 2340 999 2393 L.
1063 2339 1366 2394 Collatione
1398 2343 1594 2396 codicis
1629 2347 1845 2396 auctore

166 2415 404 2468 Waitzio
438 2414 684 2467 confecta
714 2432 843 2467 usus
877 2433 995 2467 sum
1031 2412 1151 2484 (ms
1185 2414 1418 2469 Berolin.
1449 2416 1542 2469 lat.
1573 2417 1665 2470 fol
1698 2417 1846 2488 448).

167 2487 446 2541 Interdum
488 2488 555 2539 ad
594 2487 859 2540 familiam
900 2487 1185 2540 secundam
1226 2489 1444 2541 accedit.

279 2562 459 2630 Atque
498 2560 735 2613 indolem
765 2560 1003 2613 familiae
1036 2561 1296 2614 secundae
1331 2563 1574 2631 quamvis
1606 2564 1848 2616 lectioni-

167 2635 268 2687 bus
315 2634 555 2688 familiae
594 2634 801 2702 primae
839 2634 1175 2703 interpositis
1214 2635 1300 2687 vel
1340 2637 1626 2689 reservatis
1666 2637 1722 2689 hi
1763 2656 1848 2690 co-

169 2708 309 2760 dices
348 2726 477 2777 prae
518 2725 573 2759 se
612 2707 812 2759 ferunt:

280 2780 487 2834 Codex
503 2779 857 2833 Vaticanus
883 2779 1362 2834 Ottobonianus
1386 2781 1514 2852 <V2)
1536 2783 1606 2836 35
1626 2784 1846 2836 membr.

290 2940 332 2995 *)
367 2937 558 2984 Codices
589 2939 690 2995 ipse
724 2938 911 2996 contuli,
942 2938 1032 2982 nisi
1065 2939 1193 2983 aliud
1225 2941 1474 2996 quicquam
1507 2942 1785 2986 adfirmatur.
