2038 3192
852 158 908 203 V.
943 163 1192 204 518-577.
1785 157 1856 209 47

174 281 603 350 Flammipedum
642 279 826 347 rapuit
864 279 1135 332 simulatio
1178 279 1634 350 quadriiugorum.

172 356 373 409 Audiat
410 355 543 407 haec
582 353 740 407 dictis
778 353 1017 422 pandens
1057 353 1317 406 vitalibus
1358 371 1526 406 aures.

245 428 401 482 Nunc
439 428 543 481 tibi
582 427 854 495 confiteor,
894 426 1123 496 genitor,
1163 427 1247 480 cui
1286 427 1460 496 gloria
1500 427 1667 480 servit

170 502 452 572 Fulgentis
493 501 628 555 caeli
667 505 720 554 et
758 504 1025 553 terrarum
1065 500 1502 570 frugiferentum,

173 575 379 631 Celasti
415 594 558 629 nunc
598 574 740 644 quod
779 574 1115 643 sapientibus
1155 575 1263 627 ista
1303 574 1547 644 superbis
1772 586 1858 627 550

170 649 509 719 Parvulaque
547 649 815 701 infantum
854 647 936 701 vis
975 649 1109 701 haec
1149 648 1531 716 comprendere
1572 648 1746 701 corda.

170 722 287 776 Iam
326 723 461 776 mihi
499 721 782 792 regnantis
823 726 948 774 sunt
988 722 1169 775 omnia
1210 722 1409 775 tradita
1446 723 1642 792 patriS‚

171 797 286 851 Nec
326 797 610 866 quisquam
651 796 872 849 Domini
910 797 1112 864 poterit
1152 813 1475 866 cognoscere
1514 800 1726 865 natum,

170 870 243 924 Ni
281 872 429 924 solus
469 871 706 939 genitor3
747 870 1050 940 genitorem
1090 876 1268 922 mente
1307 869 1512 922 videbit

169 942 365 1012 Filius,
405 947 499 997 aut
537 943 680 996 idem
720 944 920 1012 pandet
960 944 1044 996 cui
1082 943 1220 996 talia
1257 946 1435 996 natus,
1773 956 1857 997 555

170 1017 290 1071 Huc
330 1036 514 1071 omnes
553 1019 795 1085 veniant,
836 1018 1014 1070 oneris
1055 1036 1187 1087 quos
1230 1017 1439 1070 sarcina
1478 1017 1623 1070 vasti

172 1090 520 1161 Comprimit3
558 1092 645 1144 his
685 1092 889 1161 poterit
928 1092 1100 1144 virtus
1142 1109 1261 1143 mea
1300 1110 1518 1144 munere
1558 1091 1731 1160 patris

172 1164 442 1235 Antiquas
481 1165 621 1219 vires
661 1165 826 1218 hilari
864 1183 1118 1235 reparare
1160 1165 1354 1234 quiete.

172 1237 376 1293 Sumite
414 1238 558 1292 forte
596 1239 808 1308 iugum,
848 1239 984 1293 levis
1025 1242 1109 1291 est
1147 1257 1268 1292 mea
1307 1238 1517 1292 sarcina
1555 1238 1736 1307 iustis,

169 1312 417 1383 Namque
455 1313 652 1373 humili
691 1313 902 1366 dulcem
941 1313 1173 1382 largitur
1211 1312 1369 1366 corde
1410 1313 1688 1365 salutem.“
1772 1326 1858 1366 560

243 1386 391 1440 Haec
429 1387 524 1440 ubi
564 1386 708 1439 dicta
747 1386 913 1455 dedit,
953 1386 1142 1439 messis
1182 1405 1280 1455 per
1318 1387 1466 1440 culta
1505 1391 1763 1456 gravatae

169 1460 459 1529 Praeterit,
500 1463 554 1514 et
591 1461 824 1530 populus
865 1463 1168 1513 sectantum
1208 1460 1599 1529 discipulorum

170 1532 451 1603 Spicarum
492 1533 771 1604 gravidam
811 1535 1072 1603 carpebat
1110 1534 1168 1587 in
1208 1534 1394 1588 ordine
1433 1534 1663 1604 frugem.

167 1607 268 1660 Ille
309 1608 421 1661 dies
460 1609 631 1662 veteri
670 1609 930 1677 poscebat
969 1609 1089 1677 lege
1130 1608 1388 1677 quietem,

171 1679 413 1735 Sabbata
449 1701 576 1735 nam
615 1682 808 1752 priscis
848 1682 1168 1751 repetebant
1208 1683 1320 1735 otia
1357 1681 1534 1734 iussiS.
1771 1694 1856 1735 565

169 1754 309 1808 Ecce
348 1755 630 1808 Pharisaei
670 1773 851 1809 coram
890 1755 1280 1824 reprehendere
1321 1754 1621 1824 Christum,

171 1827 326 1891 Quod
366 1832 582 1883 sanctae
620 1829 759 1900 legis
800 1829 1071 1882 calcarent
1109 1831 1258 1882 iussa
1297 1832 1561 1882 metentes

169 1902 446 1972 Discipuli.
507 1902 713 1974 Legum
753 1903 847 1956 sed
884 1907 1014 1956 tunc
1054 1904 1352 1972 completor
1390 1903 1539 1956 Iesus

168 1976 367 2046 Incipit
405 1975 491 2029 his
530 1978 726 2030 veteris
767 1977 960 2046 scripti
998 1980 1348 2031 monumenta
1386 1980 1654 2030 retexens:

167 2049 441 2120 „Legistis
482 2054 651 2119 certe,
689 2051 747 2104 in
784 2051 991 2120 templo
1033 2050 1240 2104 Davida
1280 2070 1539 2105 canorum
1772 2063 1858 2103 570

170 2122 307 2177 Cum
345 2125 548 2193 populo
589 2125 858 2194 quondam
898 2143 1067 2195 panes
1108 2125 1405 2194 sumpsisse
1447 2127 1688 2178 sacratos

167 2197 244 2250 Et
281 2199 559 2268 propriam
600 2198 964 2269 comitumque
1003 2200 1204 2252 famem
1245 2200 1484 2267 sedasse3
1524 2199 1617 2252 sed
1655 2198 1782 2250 illos

167 2270 444 2344 Inlicitum
483 2272 734 2342 cuiquam
771 2272 950 2326 fuerat
989 2273 1302 2343 contingere
1342 2291 1525 2342 paneS,

171 2343 392 2397 Sumere
432 2364 566 2415 quos
607 2347 755 2400 solus
794 2351 1013 2417 poterat
1052 2347 1116 2400 de
1156 2348 1276 2418 lege
1318 2347 1582 2400 sacerdos,

169 2418 427 2471 Eiusdem
452 2421 726 2493 ‚scriptum
767 2423 850 2473 est
889 2422 1030 2475 iusto
1071 2421 1436 2474 moderamine
1476 2421 1639 2491 legis:
1773 2431 1858 2472 575

172 2489 414 2544 Sabbata
450 2493 741 2562 profanent
778 2495 982 2563 templo
1025 2496 1137 2548 sine
1177 2494 1400 2548 crimine
1439 2498 1606 2547 vates,

170 2563 283 2618 Nec
322 2565 499 2619 minor
537 2570 621 2620 est
657 2568 781 2622 istic
819 2573 1031 2622 vestrae
1072 2569 1394 2640 glomeratio
1435 2568 1625 2621 turbae

284 2714 392 2765 post
422 2714 508 2755 550
540 2712 738 2757 insertus
768 2718 832 2758 est
862 2715 936 2758 hic
965 2727 1031 2757 v..·
1080 2713 1238 2758 Oculis
1271 2714 1387 2758 haec
1419 2713 1654 2770 quondam
1686 2724 1858 2768 pravae

173 2767 463 2825 sapientibus
495 2783 601 2815 orsa
633 2771 743 2816 (1¹12
774 2773 919 2829 (Haec
952 2786 1020 2818 oc.
1039 2799 1095 2807 —
1114 2775 1277 2833 parue)
1316 2772 1386 2816 V²
1429 2771 1605 2828 (Occul.
1624 2796 1679 2803 —
1698 2771 1858 2827 pai-ue)

174 2827 283 2872 Mat
313 2826 786 2886 (Populus-pathe)
819 2834 924 2886 etc„
971 2834 1091 2877 deest
1120 2834 1194 2876 hic
1225 2846 1335 2876 vers.
1368 2835 1410 2876 et
1442 2836 1526 2875 550
1560 2827 1720 2874 M*0²
1754 2830 1858 2885 (550

173 2888 407 2944 suppletus
438 2892 501 2932 est
531 2889 584 2932 in
605 2903 748 2946 marg.
765 2904 866 2947 sup.
884 2891 947 2934 M
950 2890 1019 2947 **)
1044 2891 1059 2948 ΙΙ
1084 2895 1169 2936 576
1202 2891 1446 2936 dimovent
1476 2894 1582 2934 ante
1611 2887 1861 2945 profanent

172 2959 284 2991 eras,
319 2946 375 2991 0¹
398 2947 415 3003 ΙΙ
438 2950 522 2992 577
555 2946 636 2991 isti
668 2948 726 2992 0¹
