2038 3192
857 146 912 191 V.
945 150 1194 191 453—517.
1789 147 1862 200 45

180 269 411 322 Excelso
450 267 506 319 in
543 266 772 335 populos
813 269 1142 335 spargantur
1182 266 1412 319 culmine
1452 267 1596 319 tecti.

179 341 452 412 Despicite
490 341 708 393 illorum
748 339 976 408 rabiem,
1018 339 1110 408 qui
1150 357 1376 408 corpora
1415 343 1596 392 vestra
1775 353 1862 393 485

178 415 534 478 Prosternunt
570 413 736 466 ferro:
775 431 886 466 non
925 415 1007 465 est
1045 413 1132 465 his
1171 414 1284 466 ulla
1323 416 1566 483 potestas

178 487 437 542 Vivacem
476 489 588 541 leto
628 487 833 555 pariter
872 486 1144 539 dimittere
1183 490 1433 540 mentem.

177 562 342 615 Illum
382 562 477 614 sed
515 562 697 630 potius
738 559 913 613 cordis
955 564 1162 613 secreta
1200 565 1515 630 pavescant,

180 634 434 704 Corporis
474 639 558 688 est
596 634 869 703 animique
910 634 1071 687 simul
1112 634 1196 687 cui
1235 637 1431 687 cuncta
1467 638 1725 703 potestas,

175 709 491 762 Passeribus
529 708 767 778 pretium
804 708 1013 760 nummi
1050 707 1141 760 vix
1179 709 1361 776 portio
1401 727 1569 776 parva
1771 721 1858 762 490

179 782 487 851 Proveniet3
525 780 634 834 'non
674 785 758 834 est
795 784 980 834 tamen
1019 800 1186 834 unum
1225 782 1441 835 credere
1481 782 1705 852 dignum

177 856 393 909 Iniussu
431 854 654 908 Domini
692 855 914 924 laqueos
954 856 1226 908 incurrere
1264 858 1496 908 nostros.

178 927 309 991 Quis
350 929 560 982 dubitet
600 929 840 998 sapiens,
880 928 1102 981 Domini
1142 930 1242 982 sub
1282 932 1499 998 pectore
1539 929 1724 981 multis

181 1002 381 1057 Cedere
419 1002 670 1073 pennatis
710 1002 988 1055 hominem
1026 1019 1125 1072 pro
1164 1003 1386 1055 milibus
1425 1003 1629 1055 unum?

181 1076 284 1139 Qui
323 1095 407 1130 me
447 1076 723 1130 confessus
761 1076 928 1129 fuerit
968 1078 1068 1129 sub
1108 1075 1282 1128 iudice
1320 1080 1520 1145 terrae,
1781 1090 1867 1130 495

176 1149 336 1204 Hunc
375 1168 477 1222 ego
515 1169 628 1204 non
666 1150 827 1203 aliter
866 1168 1048 1204 coram
1088 1150 1333 1221 genitore
1372 1149 1609 1219 fatebor3

180 1223 268 1278 Sic
305 1224 494 1278 itidem
533 1243 713 1278 coram
753 1224 998 1294 genitore
1035 1224 1250 1295 negabo
1288 1227 1596 1295 negantem.

178 1297 305 1351 Non
344 1315 444 1368 ego
481 1316 624 1351 nunc
644 1316 851 1368 *pacem
889 1297 1049 1350 terris
1087 1298 1361 1350 inmittere
1400 1297 1543 1365 veni,

183 1371 287 1425 Sed
326 1372 589 1443 gladium,
628 1371 809 1440 patrio
851 1371 1071 1424 dirimat
1110 1372 1204 1441 qui
1242 1374 1459 1441 pectore
1499 1374 1691 1424 natum

178 1445 255 1498 Et
295 1445 502 1499 dulcem
540 1448 730 1498 natam
768 1445 988 1497 dirimat
1027 1445 1119 1514 qui
1157 1449 1374 1512 pectore
1414 1445 1620 1498 matris.
1781 1458 1867 1498 500

179 1518 237 1572 Si
276 1520 395 1588 quis
437 1537 619 1572 amore
658 1537 778 1572 meo
818 1519 1125 1587 genitorem
1162 1519 1334 1589 pluris
1373 1519 1623 1587 habebit,

178 1591 283 1645 Vel
323 1593 487 1645 matri
526 1592 772 1646 subolive
810 1611 991 1645 meum
1030 1595 1323 1662 postponet
1363 1611 1624 1662 amorem,

181 1664 391 1720 Sentiet
429 1666 749 1720 horribilem
786 1670 979 1719 nostra
1017 1666 1082 1718 de
1123 1666 1246 1720 sede
1285 1667 1573 1734 repulsam.

184 1737 510 1793 Contemnet
550 1741 872 1810 quicumque
912 1739 1150 1792 animam
1188 1758 1288 1810 pro
1327 1739 1545 1793 nomine
1584 1743 1789 1809 nostro,

179 1812 427 1866 Inveniet
465 1814 610 1866 laeta
647 1813 932 1867 florentem
969 1813 1128 1884 fruge
1168 1814 1377 1867 salutis
1786 1827 1871 1867 505

183 1887 288 1949 Qui
326 1906 423 1940 vos
464 1887 740 1956 suscipiet,
780 1906 866 1940 me
906 1888 1207 1957 suscepisse
1245 1887 1497 1957 benignis

182 1960 491 2030 ObsequiiS‚
530 1961 672 2014 idem
711 1979 797 2015 me
835 1979 935 2030 pro
976 1961 1221 2032 genitore
1262 1980 1514 2031 supremo

184 2033 492 2103 Suscepisse
534 2034 637 2087 sibi
676 2034 935 2104 gaudebit
973 2038 1196 2105 perpete
1234 2034 1396 2088 vita.“

255 2107 416 2161 Talia
454 2108 733 2178 discipulis
773 2109 856 2161 bis
898 2127 991 2162 sex
1030 2127 1151 2162 cum
1190 2109 1339 2162 iussa
1377 2109 1634 2174 dedisset,

178 2181 362 2235 Iustus
399 2181 668 2236 Iohannes
708 2183 853 2236 caeci
893 2182 957 2236 de
997 2184 1227 2236 carceris
1266 2183 1476 2236 umbris
1787 2197 1872 2236 510

181 2254 498 2308 Sectantum
536 2275 565 2308 e
602 2275 827 2309 numero
869 2256 1107 2310 delectos
1147 2257 1282 2310 talia
1322 2257 1468 2309 dicta

181 2327 281 2380 Ad*
307 2328 585 2383 Christum
624 2333 842 2400 portare
881 2330 1032 2384 iubet
1071 2349 1363 2400 verumque
1403 2331 1622 2384 referre:

181 2401 369 2469 „Tune
408 2403 512 2471 piis
553 2404 745 2456 animis
785 2404 1018 2474 requieS‚
1059 2423 1222 2473 quam
1260 2405 1415 2475 regia
1453 2405 1588 2458 caeli

182 2474 435 2529 Pollicita
473 2479 557 2529 est
593 2477 754 2530 terris
764 2519 778 2546 ‚
815 2482 1006 2531 nostro
1047 2478 1146 2531 sub
1186 2482 1430 2547 tempore
1468 2478 1722 2548 fulgens?

182 2547 274 2600 An
313 2549 477 2602 aliam
516 2554 761 2620 superest
799 2555 924 2620 post
962 2551 1095 2605 haec
1134 2570 1348 2622 sperare
1389 2553 1697 2606 salutem?“
1788 2565 1885 2621 515

184 2620 410 2676 Talibus
448 2623 582 2677 haec
620 2623 870 2678 Christus
912 2625 1070 2679 dictis
1110 2626 1367 2679 mandata
1406 2627 1663 2679 remittit:

185 2693 522 2764 „Caecorum
561 2700 816 2752 tenebrae
856 2703 1139 2752 mutantur
1177 2700 1379 2752 lumine
1418 2699 1554 2753 lucis
1609 2716 1616 2723 ·

304 2814 391 2856 486
422 2811 728 2857 Prosternent
757 2813 874 2858 MR
918 2815 934 2871 ΙΙ
988 2819 1074 2860 492
1107 2815 1303 2872 laqueos
1332 2815 1471 2859 facile
1503 2815 1716 2859 decidere
1747 2814 1874 2858 laeto

182 2868 443 2915 ‘incurrere
476 2871 681 2916 nostros‘
715 2871 771 2916 0¹
799 2874 926 2930 1496
959 2873 1154 2918 Credere
1187 2874 1250 2917 M
1275 2875 1365 2918 div.
1398 2887 1484 2919 scr.
1517 2875 1570 2917 in
1599 2873 1668 2928 R,
1701 2872 1874 2917 Cedere

187 2925 302 2973 0¹13
332 2930 424 2975 div.
455 2942 541 2976 scr.
573 2930 627 2974 in
656 2930 719 2975 M
734 2931 749 2987 11
774 2935 860 2976 505
892 2932 1091 2978 salutem
1122 2933 1168 2977 R
1191 2935 1206 2990 ΙΙ
1230 2936 1316 2977 515
1349 2934 1481 2977 Anne
1512 2932 1632 2977 ΒΜ
