2038 3192
851 195 906 240 V.
938 199 1186 241 327—390.
1783 193 1851 247 67

172 317 435 390 „Davidis
474 316 715 386 suboles,
754 316 1036 370 hominum
1075 316 1363 386 lumenque
1403 316 1678 385 salusque,

171 393 247 446 Te
283 409 495 462 precor,
533 390 851 443 horribilem
889 390 1006 443 nati
1044 389 1108 442 de
1148 407 1372 460 corpore
1412 389 1663 443 morbum

169 465 485 534 ProturbeS‚
523 464 820 533 reddasque
861 463 977 516 seni
1016 463 1213 517 solatia
1254 464 1408 517 vitae.

168 538 312 592 Nam
352 556 539 592 cursus
579 538 738 591 lunae
775 539 965 591 natum
1003 536 1136 590 mihi
1177 537 1453 591 daemonis
1493 540 1608 590 arte

168 612 407 682 Torquet
448 615 500 665 et
537 612 594 664 in
631 611 865 681 liquidas
905 610 1170 664 deiectum
1209 612 1407 680 proicit
1443 611 1639 679 undaS,
1766 625 1852 666 360

168 687 283 740 Aut
321 686 577 739 miserum
615 685 792 738 medio
831 685 1134 755 proiectum
1173 685 1348 739 volvit
1385 686 1442 737 in
1479 684 1610 754 igni.

167 759 308 814 Nam
347 764 443 813 tua
482 759 734 828 discipuli
775 762 1042 813 sectantes
1080 759 1230 812 iussa
1269 759 1579 829 frequenter

168 832 353 888 Conisi
390 834 541 885 nulla
578 833 637 886 in
675 833 911 886 solidum
950 833 1085 885 mihi
1124 833 1266 886 dona
1304 831 1611 886 dederunt.“

167 907 304 961 Tum
344 905 593 962 Christus
633 925 832 978 magno
874 910 1173 960 commotus
1213 907 1375 961 corda
1414 906 1617 960 dolore:

164 980 241 1049 „O
283 998 415 1052 gens
453 981 657 1034 nullius
695 981 843 1049 fidei,
883 999 1015 1052 gens
1055 981 1218 1051 effera
1258 999 1485 1050 semper,
1769 994 1854 1035 365

165 1055 253 1109 En
292 1055 456 1108 etiam
493 1055 689 1125 patiar,
729 1055 1011 1109 vobiscum
1049 1072 1135 1107 me
1174 1054 1290 1108 fore
1330 1052 1568 1108 terris‘?“

167 1127 255 1183 Sic
294 1129 372 1182 ait
411 1132 465 1182 et
500 1147 728 1199 puerum
766 1128 991 1183 mandat
1028 1128 1269 1198 perferre
1306 1128 1521 1198 parenti

163 1205 312 1256 Ante
352 1220 477 1256 suos
517 1203 713 1256 vultus.
775 1203 914 1256 Tum
951 1203 1100 1256 vocis
1139 1203 1374 1271 pondere
1414 1202 1585 1255 multo

164 1276 416 1330 Incubuit
455 1278 757 1346 mentisque
798 1277 963 1330 simul
1001 1276 1260 1330 convulsa
1298 1294 1506 1330 venena

164 1350 458 1404 Daemonis
498 1350 754 1404 horrendi
792 1353 1028 1421 purgato
1068 1351 1227 1403 corde
1265 1349 1495 1420 fugavit.
1769 1363 1854 1403 370

164 1424 435 1493 Discipuli
473 1424 740 1495 rogitant,
780 1443 875 1478 cur
913 1442 1024 1477 non
1064 1425 1384 1477 successerit
1420 1424 1530 1476 illis

164 1498 422 1551 Eiusdem
461 1499 612 1567 pueri
650 1498 852 1551 totiens
891 1500 1162 1566 temptata
1201 1498 1443 1551 medella.
1559 1496 1562 1503 “

162 1571 463 1641 Respondit
500 1570 793 1624 Dominus:
830 1570 1047 1642 „Labat
1086 1572 1214 1640 quia
1251 1575 1470 1642 pectore
1509 1574 1692 1625 vestro

164 1645 447 1699 Instabilis
486 1645 612 1698 fidei
649 1649 848 1699 nutans
887 1663 985 1714 per
1021 1645 1232 1699 lubrica
1270 1663 1504 1715 gressus·

161 1718 309 1772 Nam
349 1719 396 1772 si
435 1723 584 1772 certa
620 1719 763 1772 foret
801 1719 1052 1773 credendi
1090 1719 1270 1788 portio
1309 1719 1466 1773 vobis
1475 1760 1491 1788 ,
1768 1732 1854 1772 375

164 1791 348 1845 Instar
387 1810 523 1862 quae
561 1792 773 1846 minimi
811 1796 998 1863 posset
1036 1796 1317 1863 praestare
1358 1793 1558 1863 sinapi,

164 1865 333 1919 Istius
372 1865 500 1920 hinc
539 1866 743 1920 montis
782 1866 1015 1935 possetis
1056 1867 1265 1920 vellere
1294 1867 1459 1920 verbo

162 1939 332 2009 Inque
372 1939 508 1993 alias
548 1940 700 1994 sedes
741 1944 990 1994 cunctam
1027 1941 1402 1994 transvolvere
1440 1940 1660 1994 molem.

162 2013 306 2067 Nam
347 2031 515 2084 genus
554 2014 658 2067 hoc
697 2014 876 2069 morbi
915 2014 1165 2084 precibus
1208 2015 1324 2068 sine
1362 2015 1468 2068 fine
1506 2014 1748 2084 fidesque

164 2086 447 2156 Multaque
485 2088 699 2141 robusti
736 2088 936 2141 ieiunia
974 2088 1208 2158 pectoris
1251 2089 1482 2142 arcent.“
1766 2103 1874 2158 382

233 2160 365 2214 Inde
405 2159 786 2231 Capharnaum
826 2161 1076 2233 gradiens
1115 2164 1362 2232 pervenit
1402 2162 1470 2215 ad
1509 2180 1648 2216 oras,

163 2233 470 2288 Convenere
509 2234 756 2306 Petrum,
797 2236 992 2306 quibus
1030 2236 1202 2290 instat
1235 2255 1370 2290 cura
1408 2237 1628 2306 tributi,

163 2306 381 2361 Solvere
420 2313 704 2378 poscentes
746 2311 969 2364 solitum
1007 2329 1106 2380 pro
1145 2312 1365 2364 nomine
1405 2309 1628 2364 Christi.

158 2380 261 2434 Ille
303 2382 397 2434 sed
435 2382 504 2435 ad
541 2382 764 2437 Petrum
804 2402 1094 2439 conversus
1134 2385 1271 2438 talia
1309 2384 1479 2438 fatur:

144 2455 322 2524 .„Dic‚
360 2455 558 2526 inquit,
596 2475 749 2526 reges
791 2477 1021 2527 quorum
1062 2458 1360 2528 dependere
1399 2462 1558 2512 natos
1764 2472 1849 2514 385

158 2528 429 2582 Externos
468 2531 790 2600 propriosne
831 2532 935 2584 sibi
972 2532 1176 2586 iussere
1216 2532 1501 2585 tributa?“

160 2602 461 2672 Respondit
497 2603 715 2658 Petrus:
753 2604 1017 2674 „Alienos
1058 2606 1266 2660 solvere
1307 2611 1512 2661 certum
1552 2606 1680 2661 est.“

159 2675 405 2746 ‚‚Cerni8‚
443 2677 521 2730 ait
559 2676 830 2750 Christus,
868 2683 1057 2733 natum
1095 2698 1209 2734 non
1249 2681 1457 2735 solvere
1496 2682 1663 2751 regis3

164 2748 270 2803 Sed
307 2768 375 2803 ne
414 2768 572 2820 quem
611 2752 846 2824 laedam,
884 2757 1233 2825 praeceptum
1274 2756 1486 2824 suscipe
1523 2758 1797 2808 nostrum:

165 2823 255 2878 En
292 2825 458 2878 maris
497 2825 750 2880 undisoni
786 2846 946 2898 rupes
987 2846 1122 2899 quae
1159 2828 1343 2897 prodit
1381 2829 1438 2881 in
1478 2829 1646 2881 altum
1762 2841 1849 2881 390

282 2929 368 2970 376
401 2925 623 2983 sinapiA„
657 2926 833 2986 sinapis
857 2931 873 2986 ΙΙ
896 2934 982 2974 379
1006 2929 1189 2986 fideque
1209 2930 1263 2974 0¹
1274 2930 1337 2973 M
1340 2929 1400 2983 R,
1423 2929 1630 2986 fidesque
1655 2928 1821 2972 V¹T**
1846 2931 1850 2986 l

162 2986 246 3027 381
280 2986 558 3041 pervenerat
589 2999 694 3031 oras
724 2987 937 3044 R0⁸Vn
968 2993 1055 3033 390
1086 2988 1134 3033 in
1166 3002 1341 3045 aequor
1371 2989 1450 3044 M,
1481 2990 1571 3034 div.
1604 3002 1688 3033 scr.
1722 2989 1774 3033 in
1803 2988 1851 3034 R

1517 3061 1578 3106 5*
