2038 3192
817 122 871 166 V.
907 126 1154 167 112-177.
1780 119 1813 172 9

127 243 572 312 Describebatur3
613 241 827 311 Syriam
865 243 996 294 tunc
1035 242 1150 294 iure
1188 240 1416 311 regebat

131 318 410 386 Quirinu8‚
450 316 696 386 proprios
736 315 822 368 cui
860 317 979 368 tota
1016 333 1112 384 per
1152 315 1351 383 oppida
1389 313 1523 367 fines

127 391 378 444 Edebant
415 391 627 460 populi,
666 390 805 442 vires
844 406 1146 458 nomenque
1188 406 1479 458 genusque.

128 464 272 518 Urbs
314 470 397 518 est
433 464 663 517 Iudaeae
701 462 976 531 Bethlem,
1014 461 1227 515 Davida
1268 480 1524 515 canorum

128 537 275 601 Quae
316 539 524 609 genuit,
564 537 777 609 generis
818 555 954 606 quae
994 554 1212 589 censum
1251 535 1365 588 iure
1404 535 1641 605 petebat.
1728 547 1812 588 150

130 612 318 665 Edidit
356 612 443 665 hic
481 611 711 664 Mariam
749 609 975 663 Davidis
1017 611 1224 680 origine
1262 609 1462 678 Ioseph

125 685 573 756 Desponsamque
612 683 718 737 sibi
758 684 997 737 scribens
1038 683 1426 754 gravidamque
1464 682 1757 753 professus,

126 759 380 830 Hospitio
421 759 703 812 amborum
742 757 991 811 Bethlem
1033 758 1131 810 sub
1171 757 1453 811 moenibus
1492 756 1642 817 urbis
1894 789 1958 823 «Ἣ

127 833 365 903 Augusti
403 832 619 886 fuerant
655 850 957 902 praeparva
994 831 1310 885 habitacula
1347 830 1506 884 ruris,
1735 870 1742 872 -

128 907 251 960 Illic
288 907 444 977 virgo
483 925 625 960 novo
667 907 933 974 completa
975 907 1031 958 in
1069 909 1313 975 tempore
1344 905 1462 957 fetu
1732 917 1814 957 155

129 979 372 1034 Solvitur
412 983 466 1033 et
503 999 730 1050 puerum
769 979 940 1033 veteri
979 980 1246 1033 cunabula
1284 982 1438 1031 textu

126 1053 418 1108 Involvunt
457 1055 696 1123 duroque
736 1054 897 1106 datur
935 1071 1196 1124 praesepe
1235 1052 1415 1106 cubili.

201 1126 357 1181 Circa
396 1129 664 1182 sollicitae
701 1128 967 1197 pecudum
1006 1126 1252 1180 custodia
1289 1126 1466 1180 noctis

127 1201 384 1255 Pastores
423 1202 601 1255 tenuit
638 1202 834 1270 vigiles
872 1220 970 1270 per
1007 1219 1211 1271 pascua
1249 1201 1408 1254 laeta.

127 1275 268 1329 Ecce
307 1275 412 1329 Dei
450 1276 660 1329 monitu
698 1277 845 1328 visus
886 1275 1203 1328 descendere
1244 1274 1392 1327 caelo
1733 1289 1816 1329 160

126 1348 387 1419 NuntiuS‚
429 1352 486 1402 at
524 1349 738 1402 subitus
777 1352 956 1402 terror
994 1348 1313 1402 tremefacta
1351 1367 1550 1418 pavore

129 1422 437 1476 Prostravit
475 1423 637 1487 [iridi
674 1427 953 1492 pastorum
995 1440 1221 1490 corpora
1258 1425 1449 1476 terrae.

128 1496 279 1550 Talis
319 1501 375 1549 et
414 1497 666 1550 attonitis
706 1497 856 1550 caelo
894 1514 999 1549 vox
1039 1496 1204 1549 missa
1244 1496 1501 1549 cucurrit:

128 1569 359 1639 „Ponite
398 1574 664 1624 terrorem
703 1571 921 1638 mentiS,
962 1588 1082 1623 mea
1122 1571 1320 1623 sumite
1360 1571 1526 1639 dicta,

125 1642 406 1713 PastoreS,
446 1645 643 1713 quibus
682 1644 815 1697 haec
854 1644 1101 1714 ingentia
1141 1644 1338 1714 gaudia
1375 1647 1553 1714 porto,
1733 1657 1814 1698 165

124 1716 268 1770 Nam
307 1718 523 1788 genitus
562 1736 697 1788 puer
736 1721 819 1770 est
856 1717 1081 1770 Davidis
1123 1717 1331 1787 origine
1371 1718 1538 1786 clara,

127 1790 231 1853 Qui
270 1791 487 1861 populis
528 1792 702 1844 lucem
742 1809 868 1844 mox
906 1791 1275 1861 laetitiamque
1315 1795 1598 1862 propaget.

126 1863 246 1918 HOC
286 1882 501 1935 mgnum
542 1865 739 1934 dicam>
778 1883 1002 1934 puerum
1043 1865 1185 1934 quod
1225 1883 1440 1918 cernere
1479 1865 1634 1918 vobis
1670 1854 1703 1953 ll*
1724 1844 1921 1940 «Ϊῖξέ
1943 1858 2017 1940 ..iffi

128 1937 244 1991 Iam
285 1938 414 1992 licet
451 1939 770 2009 implentem
811 1939 1006 2009 gracili
1044 1940 1326 2008 praesepia,
1362 1938 1541 1992 voce,“
1731 1960 1833 2010 '2⁹

129 2011 287 2064 Talia
324 2012 523 2066 dicenti
562 2013 858 2083 iunguntur
895 2013 1046 2065 milia
1083 2013 1259 2082 plebis
1733 2006 1845 2068 170ἲ

130 2083 394 2140 Caelestis
435 2087 717 2156 cunctique
756 2086 934 2140 Deum
974 2087 1302 2156 laudantque
1340 2091 1659 2158 rogantque,

126 2159 274 2212 Talis
315 2163 370 2212 et
409 2161 549 2213 uniti
587 2179 693 2214 vox
732 2161 982 2230 agminis·
1006 2179 1132 2214 aera
1172 2162 1430 2230 complet:

126 2231 359 2301 „Gloria
399 2252 707 2303 supremum
748 2235 1037 2288 comitetur
1075 2235 1258 2288 debita
1295 2239 1528 2305 patrem,
1608 2262 1624 2344 l

126 2306 194 2359 In
232 2307 394 2360 terris
434 2309 607 2361 iustos
646 2308 896 2362 homines
935 2327 1041 2378 pax
1081 2309 1246 2379 digna
1286 2307 1588 2378 sequatur.“

132 2379 208 2432 Et
248 2381 409 2434 simul
448 2382 534 2435 his
574 2382 732 2435 dictis
773 2383 908 2435 caeli
948 2386 1154 2436 secreta
1192 2383 1448 2436 revisunt.
1732 2396 1814 2437 175

208 2452 466 2508 Pastores
505 2474 732 2526 propere
771 2456 995 2509 veniunt
1033 2475 1367 2526 puerumque
1406 2457 1670 2510 iacentem

133 2525 416 2597 Praesepis
458 2530 663 2599 gremio
705 2534 950 2599 cernunt3
989 2533 1115 2600 post
1153 2531 1275 2583 inde
1314 2531 1624 2600 frequentes

226 2701 234 2709 ο
259 2647 344 2686 146
379 2641 548 2688 Siriam
578 2646 692 2690 tunc
724 2645 795 2702 0¹,
837 2645 1021 2703 Syriam
1052 2660 1193 2702 quam
1224 2646 1292 2691 R*
1324 2648 1448 2703 (cum
1478 2646 1617 2703 R**),
1657 2646 1817 2702 Syriae

129 2705 269 2787 qiiyanxii
304 2731 366 2775 M
386 2732 402 2788 11
426 2735 509 2776 147
544 2731 764 2786 Quirinus
779 2734 979 2790 G¹Mat,
1014 2733 1206 2791 Cyrinus
1236 2735 1306 2779 vel
1337 2734 1518 2779 Cirinus
1541 2737 1557 2792 ΙΙ
1584 2739 1668 2780 148
1699 2734 1816 2778 Ede-

131 2789 249 2835 bant
281 2789 352 2847 0¹,
382 2789 631 2835 Aedebant
659 2791 705 2836 R
722 2793 857 2847 Mat.,
887 2794 1138 2838 Addebant
1159 2795 1175 2850 ΙΙ
1202 2798 1284 2838 149
1315 2793 1562 2839 Bethleem
1595 2794 1818 2838 0¹RM*

131 2848 364 2906 (Bethlem
375 2849 507 2906 M**)
530 2851 546 2906 ΙΙ
572 2855 656 2895 150
672 2851 836 2907 genuit
850 2853 1025 2897 Mariae
1042 2853 1226 2910 generis
1244 2867 1365 2909 quae
1377 2853 1447 2909 0¹,
1464 2852 1626 2910 genuit
1641 2852 1816 2896 Mariae

133 2921 252 2965 quae
265 2909 324 2965 R,
339 2909 503 2966 genuit
514 2910 697 2966 generis
711 2912 1016 2967 censumq3M
1033 2914 1047 2970 ss
1074 2915 1157 2957 155
1176 2913 1365 2969 conplet
1378 2912 1448 2967 0¹,
1467 2913 1701 2969 completa
1709 2911 1821 2955 ΒΜ
