2038 3192
847 163 902 207 V.
936 164 1182 207 391—456.
1779 165 1852 220 69

170 289 430 344 Labentis
468 290 704 341 mentem
743 286 912 340 frater
950 287 1228 341 lucrabere
1266 286 1468 340 fratris.

172 364 269 419 Sin
305 367 400 416 tua
440 362 608 415 solius
648 362 944 415 contemnit
983 362 1149 414 verba
1187 361 1519 432 relinquent-1,

172 438 323 492 Tunc
362 436 501 489 alius
539 435 746 506 pariter
784 436 1023 488 monitor
1060 437 1152 506 pia
1190 436 1341 488 iussa
1377 433 1701 504 frequentet.

171 510 276 565 Sed
317 510 362 564 si
403 509 656 563 discutiet
695 509 975 563 doctorum
1015 509 1167 562 frena
1205 510 1456 576 duorum,
1767 521 1854 563 425

170 585 319 639 Tunc
358 584 427 638 ad
465 583 753 637 concilium
790 582 1095 636 referantur
1134 583 1360 637 crimina
1397 584 1642 653 plenum,

168 658 247 712 Ut
284 658 474 728 populi
515 657 708 710 saltem
751 660 970 710 sanetur
1008 658 1242 727 pondere
1280 659 1471 711 victus,

172 732 267 786 Sin
306 737 361 786 et
399 731 698 784 multorum
738 732 1127 801 contempserit
1166 732 1359 784 efferus
1400 748 1517 800 ora,

173 808 256 862 Sit
294 805 398 859 tibi
437 805 678 858 diversae
718 805 983 858 multatus
1021 806 1239 859 nomine
1279 805 1472 875 gentis.

171 882 420 950 Namque
459 880 516 931 in
555 879 841 932 concilium
882 898 1092 948 semper
1128 878 1439 949 praesentia
1476 882 1666 932 nostra
1771 892 1859 934 430

173 953 443 1009 Adveniet
481 954 822 1023 mediumque
863 953 1026 1006 duum
1063 972 1150 1006 me
1191 956 1333 1006 stare
1372 971 1591 1006 necesse
1631 955 1735 1023 est,

176 1029 300 1083 Sive
338 1029 504 1080 trium
541 1028 706 1080 fuerit
745 1030 928 1080 coetus
970 1027 1069 1080 sub
1108 1027 1327 1080 nomine
1364 1027 1604 1080 nostr0.“

248 1101 386 1155 Tum
424 1101 619 1154 Petrus
660 1102 895 1171 quaerit,
934 1104 1066 1170 quot
1103 1100 1263 1154 fratri
1303 1104 1483 1154 errata
1519 1101 1788 1170 remittat,

174 1177 280 1230 Vel
322 1179 528 1244 septem
567 1176 752 1245 lapsus
791 1175 1073 1229 hominum
1114 1175 1161 1228 si
1197 1174 1341 1228 ferre
1379 1175 1580 1228 liceret.

174 1250 424 1305 Christus
447 1249 816 1319 prosequitur:
839 1247 1003 1319 „Non
1030 1252 1239 1319 septem
1264 1248 1490 1302 crimina
1514 1252 1743 1319 tantum,
1774 1261 1860 1303 435

177 1323 279 1378 Sed
321 1324 608 1393 decuplata
642 1341 809 1393 >super
847 1323 1115 1376 donentur
1152 1323 1379 1376 vulnera
1416 1323 1623 1376 fratri.“

250 1398 432 1469 „Nam
472 1397 608 1451 caeli
646 1415 873 1468 regnum
914 1397 1118 1449 domini
1155 1396 1471 1466 praedivitis
1512 1397 1668 1450 aulae

179 1472 474 1529 Consimile
514 1479 615 1539 est,
652 1471 860 1524 nummi
896 1471 1166 1524 rationem
1206 1471 1299 1540 qui
1338 1470 1443 1523 sibi
1482 1471 1613 1540 poni

175 1548 404 1602 Iusserit
444 1550 498 1598 et
537 1563 750 1599 servum
790 1545 1073 1598 debentem
1112 1545 1288 1597 multa
1326 1545 1536 1598 talenta

177 1621 450 1691 Praecipit
489 1620 775 1689 abreptum
815 1638 935 1673 cum
974 1619 1203 1690 coniuge
1241 1619 1606 1689 progenieque
1778 1631 1866 1672 440

179 1695 360 1765 Atque
401 1694 593 1764 opibus
633 1693 839 1747 cunctis
876 1692 1055 1746 venali
1091 1694 1311 1746 nomine
1353 1693 1487 1746 sisti.

181 1768 317 1822 Tum
359 1786 541 1821 servus
583 1767 859 1820 dominum
897 1769 1178 1836 prostrato
1220 1784 1443 1836 corpore
1482 1766 1674 1820 adorat

180 1842 256 1896 Et
297 1842 547 1911 spondet,
587 1841 753 1910 spatii
792 1841 898 1894 sibi
937 1841 982 1894 si
1021 1840 1164 1893 foret
1202 1841 1318 1893 ulla
1355 1840 1612 1909 facultaS,

180 1915 407 1970 Omnem
445 1933 791 1968 nummorum
830 1915 1047 1968 domino
1087 1914 1385 1968 dissolvere
1425 1933 1707 1968 summam.

180 1989 491 2045 Commovit
529 1989 808 2042 dominum
845 1987 1040 2041 famuli
1078 1989 1358 2042 miseratio
1397 1988 1576 2042 flentis
1778 2000 1865 2042 445

184 2063 495 2133 Cunctaque
534 2066 686 2116 trans
725 2063 981 2115 meritum
1020 2063 1288 2116 concessit
1327 2061 1510 2116 debita
1549 2081 1720 2117 serv0.

181 2138 282 2191 Ille
323 2137 415 2191 sed
455 2137 736 2208 egrediens
776 2154 1093 2190 conservum
1133 2136 1321 2189 limine
1360 2137 1416 2188 in
1454 2137 1573 2207 ipso

180 2211 391 2265 Nactus
431 2210 781 2281 constringit3
818 2215 938 2263 tum
978 2210 1162 2263 debita
1200 2210 1396 2263 fortior
1434 2214 1594 2280 urget

181 2285 425 2341 Persolvi
463 2284 816 2355 precibusque
856 2284 1035 2338 locum
1074 2285 1414 2338 truculentus
1456 2284 1663 2355 abegit,

184 2357 427 2412 Carceris
469 2361 523 2411 et
561 2376 801 2411 mersum
838 2357 1078 2424 tenebris
1118 2358 1414 2428 poenisque
1452 2359 1747 2427 premebat.
1783 2371 1870 2412 450

184 2431 332 2495 Quae
370 2435 660 2501 postquam
700 2432 947 2484 dominus
985 2431 1314 2485 famulorum
1352 2449 1572 2486 noscere
1610 2433 1791 2487 verbis

181 2505 402 2576 Incipit,
442 2505 671 2558 adducto
710 2505 944 2576 ingessit
980 2505 1283 2559 iustissima
1323 2523 1477 2559 servo

183 2578 345 2633 Dicta
385 2579 571 2633 dolens
611 2580 854 2649 iramque
893 2583 1079 2632 movet
1116 2579 1386 2648 iussisque
1427 2580 1627 2633 severis

182 2652 248 2705 In
286 2656 559 2706 tormenta
597 2653 771 2706 ferum
812 2653 1041 2706 detrusit
1078 2657 1272 2707 cuncta
1310 2654 1595 2707 revolvens

183 2725 405 2795 Debita,
443 2726 570 2780 dum
609 2726 787 2798 dignis
827 2728 1000 2780 lueret
1039 2746 1134 2796 per
1171 2728 1387 2781 vincula
1424 2727 1628 2797 poenis,
1786 2738 1873 2779 455

186 2798 275 2854 Sic
312 2799 468 2854 vobis
506 2798 673 2854 faciet
712 2801 948 2871 genitor,
988 2801 1080 2871 qui
1119 2801 1358 2854 culmina
1396 2801 1531 2854 caeli

188 2959 230 3004 Si
259 2904 394 3005 foffg,
414 2899 657 3004 &unctam
679 2902 741 2945 M
767 2903 820 2947 in
851 2914 941 2946 ras.
966 2901 1041 2959 Tu
1063 2906 1150 2947 429
1183 2901 1361 2946 divisae
1394 2900 1726 2957 MV1MpAL
1749 2883 1875 2956 „2134
