2038 3192
829 163 881 208 V.
917 168 1165 208 242—306.
1766 161 1834 215 13

148 288 387 357 Urgetur
426 284 646 338 monitis
685 283 916 337 Mariam
954 301 1286 352 puerumque
1325 282 1524 353 Ioseph

148 361 400 431 Aegypto
442 358 510 412 ad
548 357 785 428 patriam
823 360 1058 424 vectare,
1097 357 1191 409 ubi
1231 357 1282 409 N
1286 375 1445 409 azara
1482 356 1612 410 felix

148 433 294 488 Olim
332 432 668 503 praedictum
706 449 874 501 puero
915 431 1060 483 dedit
1100 430 1292 483 addere
1330 449 1540 484 nomen.

149 507 301 561 Dixit
341 511 396 560 et
435 507 656 560 alterius
696 504 966 575 quondam
1007 505 1327 574 praenuntia
1366 505 1507 557 vatis
1748 517 1833 558 275

145 581 268 635 Vox
306 581 567 634 instincta
605 579 745 632 Deo:
784 578 1004 647 Veniet,
1043 579 1221 631 veniet
1259 596 1380 631 mea
1417 579 1598 648 proles

152 656 406 725 Aegypto
447 672 511 706 ex
550 654 663 706 alta
701 654 862 705 terris
902 653 1188 721 lumenque
1230 652 1494 721 salusque.

222 727 514 782 Crescebat
551 726 754 797 rapidis
795 745 1060 780 annorum
1101 726 1377 797 gressibus
1416 725 1616 790 infans,

148 802 504 855 Praecurrens
545 819 737 853 aevum
777 800 1046 870 sapientia
1083 799 1468 868 praeveniebat

152 875 446 945 Gratia-que
484 874 541 927 in
581 874 736 927 vultu
777 877 832 926 et
869 874 1050 927 verbis
1088 873 1395 927 veneranda
1433 873 1682 927 micabat,
1752 887 1837 927 280

224 949 301 1002 Et
339 951 447 1001 iam
487 949 730 1001 bissenos
771 948 891 1001 aevi
930 947 1340 1017 com-prenderat
1378 965 1571 1016 annOS,

153 1021 290 1076 Cum
327 1022 560 1092 paschae
599 1022 766 1075 ritum
806 1022 1066 1075 servando
1108 1040 1172 1074 ex
1211 1039 1361 1073 more
1399 1023 1652 1090 parentes

150 1097 236 1149 Ad
275 1095 538 1165 templum
581 1096 740 1149 laetis
779 1115 1007 1165 puerum
1045 1095 1334 1165 perducere
1372 1093 1527 1147 festis

149 1170 412 1224 Omnibus
453 1189 716 1223 annorum
755 1170 964 1223 vicibus
1006 1170 1070 1222 de
1110 1187 1258 1222 more
1299 1169 1563 1222 solebant.

148 1244 300 1315 Ergo
342 1244 568 1297 aderant
607 1244 838 1313 paschae
878 1243 1083 1312 pariter
1122 1242 1434 1311 cunctisque
1475 1242 1663 1296 diebus
1751 1255 1837 1296 285

150 1318 436 1372 Festorum
475 1317 716 1387 impletis
756 1317 994 1386 patriam
1032 1335 1273 1371 remeare
1311 1317 1600 1385 parabant,

151 1391 286 1445 Cum
325 1410 458 1460 puer
496 1391 554 1444 in
590 1391 793 1460 populo
833 1391 1053 1444 comitis
1083 1391 1316 1460 vestigia
1355 1390 1544 1443 matris

150 1465 405 1536 Deseruit
444 1465 743 1534 templique
782 1465 959 1518 libens
999 1467 1206 1518 secreta
1243 1463 1453 1533 petivit.

150 1538 314 1591 Illum
352 1557 450 1608 per
488 1538 636 1592 vicos
676 1539 827 1591 urbis
868 1557 1069 1607 perque
1110 1537 1298 1591 abdita
1335 1541 1483 1591 tecta

148 1611 357 1682 Perque
395 1613 548 1665 iteris
588 1615 791 1665 stratas
831 1630 927 1682 per
965 1615 1126 1665 notos
1158 1630 1359 1681 perque
1390 1613 1725 1681 propinquos
1752 1625 1837 1666 290

150 1685 456 1749 Quaerebat
497 1686 762 1756 genetrix3
804 1686 899 1738 sed
937 1686 1032 1738 lux
1069 1686 1165 1738 ubi
1202 1685 1368 1738 tertia
1407 1686 1555 1738 venit

147 1759 237 1812 Ad
274 1761 538 1828 templum
577 1778 802 1828 propere
840 1763 1068 1828 remeat,
1107 1762 1399 1829 vatumque
1439 1759 1647 1812 choreis

149 1833 364 1886 Invenit
402 1833 665 1886 insertum
704 1834 994 1902 legumque
1035 1834 1264 1886 obscura
1305 1834 1461 1886 senili

151 1906 709 1961 Tractantem.,coetU.
784 1906 891 1960 Vix
931 1907 1221 1960 admiratio
1262 1907 1426 1977 digna

149 1979 233 2033 De
270 1981 424 2050 pueri
466 1981 640 2034 verbis
681 1982 898 2034 senibus
938 1980 1066 2051 fuit3
1105 1983 1163 2034 at
1201 1981 1293 2050 pia
1331 1985 1526 2034 mater:
1752 1994 1838 2035 295

149 2053 354 2123 „Nate,
393 2054 492 2124 ait,
532 2055 791 2108 amissum
830 2056 1071 2108 lacrimis
1110 2059 1163 2107 te
1204 2073 1401 2124 quaero
1440 2055 1678 2125 profusis

150 2128 330 2180 Anxia
369 2147 490 2182 cum
529 2129 775 2198 genitore
815 2146 1052 2198 gemens·
1131 2128 1279 2191 Quae
1319 2147 1482 2182 causa
1521 2132 1809 2198 parentum

153 2200 397 2254 Seccrnit
436 2220 625 2272 gressu
666 2203 960 2273 templique
999 2203 1056 2255 in
1097 2202 1220 2263 sede
1258 2201 1574 2256 retentat?“

148 2274 250 2328 Ille
278 2279 492 2337 autem:
530 2275 711 2346 „Quid
750 2295 834 2330 me
873 2280 1111 2345 tantum,
1152 2277 1279 2346 quid
1313 2277 1609 2347 quaeritis?
1648 2277 1839 2347 inquit.

152 2347 242 2400 An
278 2350 519 2403 nondum
559 2351 747 2417 sentiS‚
787 2352 1057 2420 genetrix,
1097 2351 1240 2422 quod
1279 2351 1394 2403 iure
1431 2351 1675 2419 paternis
1754 2365 1840 2405 300

156 2419 379 2476 Sedibus
420 2427 474 2476 et
514 2424 763 2477 domibus
802 2428 989 2478 natum
1030 2425 1338 2478 inhabitare
1376 2443 1594 2478 necesse
1636 2424 1796 2479 est‘?“

227 2493 378 2549 Haec
417 2498 493 2549 ait
532 2502 586 2550 et
625 2516 869 2568 gressum
912 2499 1083 2552 sociat
1121 2499 1462 2569 patriamque
1501 2499 1712 2568 revisit3

154 2566 268 2621 Nec
309 2571 553 2639 genetrix
591 2572 733 2625 tanti
771 2573 1040 2642 persensit
1079 2573 1316 2642 pondera
1356 2573 1528 2642 verbi,

155 2640 354 2695 Ordine
394 2647 586 2698 cuncta
622 2649 806 2699 tamen
846 2647 1021 2700 cordis
1064 2649 1271 2700 secreta
1308 2649 1603 2700 reservant.

155 2716 232 2767 At
269 2735 402 2786 puer
443 2718 715 2788 obsequiis
755 2724 881 2790 apte
919 2721 1296 2790 praedulcibus
1338 2721 1526 2774 ambos
1751 2734 1838 2774 305

154 2787 242 2842 Ad
280 2791 558 2860 proprium
600 2811 809 2863 semper
848 2811 1046 2864 cogens
1084 2795 1339 2847 nectebat
1378 2812 1631 2847 amorem.

275 2895 365 2936 274
396 2890 686 2948 praedictum
720 2893 796 2950 01,
827 2895 1067 2951 praedicto
1098 2895 1218 2940 ΕΜ
1247 2897 1340 2953 (sed
1373 2897 1435 2940 M
1461 2897 1514 2940 in
1544 2909 1687 2953 marq.
1720 2910 1750 2940 a
1779 2909 1837 2939 m.

154 2948 223 2993 II
247 2950 526 3008 predictum)
550 2952 565 3007 ΙΙ
589 2956 671 2996 281
707 2953 1098 3012 conprehinderat
1129 2955 1186 2999 0¹
