2038 3192
215 167 286 220 60
907 165 1088 209 LIBER
1118 165 1195 211 111.

225 287 540 340 Transierat
575 286 795 339 tandem
837 287 1049 339 sulcans
1088 286 1229 339 freta
1266 285 1475 339 fervida
1512 286 1712 356 puppis

224 361 589 429 Optatumque
630 359 812 428 gravis
853 360 1262 429 comprenderat
1301 378 1499 413 ancora
1536 363 1769 428 portum.

228 432 568 487 Conveniunt
606 433 795 502 populi
832 433 1020 501 rapido
1059 452 1155 503 per
1194 434 1359 485 litora
1377 451 1556 486 “cursu

222 508 511 560 Portantes
553 524 744 576 aegros
783 507 1058 575 vestisque
1099 507 1368 578 attingere
1406 506 1502 559 fila
1823 514 1906 561 130

222 581 482 634 Extrema
522 583 783 648 exoptant
821 580 1064 649 miroque
1103 581 1206 634 hoc
1245 597 1466 633 munere
1506 580 1685 632 cuncti

224 653 516 707 Credentes
557 655 799 706 referunt
837 654 1054 722 plenam
1093 672 1190 723 per
1229 654 1472 707 membra
1511 654 1758 706 salutem.

298 728 440 780 Ecce
479 727 761 780 Pharisaei
800 728 1111 796 scribaeque
1148 727 1274 781 hinc
1313 728 1435 780 inde
1476 727 1648 779 dolosi

224 799 523 869 Captantes
563 800 843 854 Christum
881 803 1140 870 promunt
1177 801 1397 854 fallacia
1436 801 1600 853 dicta:

224 873 371 942 „Cur
411 877 508 927 tua
548 874 844 943 discipulos
887 874 1092 943 patitur
1132 874 1376 928 doctrina
1413 875 1596 926 labare
1832 888 1914 928 135

226 947 537 1017 Praeceptis
576 947 856 1001 veterum?
894 949 1143 1000 manibus
1185 966 1318 1018 quos
1357 966 1484 1000 cura
1522 947 1768 1000 lavandis

227 1020 540 1089 Praeteriit,
582 1024 909 1091 sumuntque
949 1022 1110 1074 simul
1151 1041 1271 1075 cum
1313 1021 1562 1075 sordibus
1603 1021 1800 1075 escaS.“

228 1094 332 1147 Ille
374 1096 474 1148 sub
514 1095 648 1148 haec
687 1094 855 1148 fatur:
894 1094 1107 1165 „Magis
1145 1095 1250 1148 hoc
1282 1099 1364 1147 est
1395 1113 1649 1164 quaerere
1682 1095 1920 1166 dignum,

230 1168 584 1239 Transgressi
622 1172 913 1237 praecepta
952 1168 1054 1221 Dei
1093 1169 1236 1237 quod
1274 1169 1503 1237 proditis
1543 1186 1742 1222 omnes,

224 1240 476 1310 Namque
515 1241 662 1294 Deus
703 1245 938 1294 mortem
982 1242 1154 1294 defixa
1193 1243 1313 1312 lege
1352 1242 1608 1311 minatur,
1834 1256 1917 1296 140

226 1313 281 1367 Si
325 1316 540 1385 genitor
579 1315 827 1383 cuiquam
869 1316 1034 1369 verbo
1073 1315 1321 1368 laedatur
1360 1334 1544 1368 amaro

225 1384 329 1440 Vel
369 1390 616 1459 genetrix
653 1389 772 1441 nati
810 1389 991 1442 verbis
1029 1390 1274 1458 pulsetur
1313 1388 1537 1442 acerbis,

223 1460 400 1515 Inrita
437 1481 535 1515 vos
575 1462 746 1514 istaec
786 1462 963 1515 facitis
1003 1480 1256 1530 perversa
1295 1462 1550 1516 docendo,

196 1528 399 1596 Quam
438 1534 731 1588 manifesta
770 1535 959 1605 vigent
1000 1535 1062 1587 de
1090 1535 1257 1588 vobis
1298 1536 1441 1588 dicta
1479 1536 1802 1605 prophetae:

223 1608 311 1660 Me
351 1609 585 1678 populus
627 1610 853 1661 summis
892 1610 1050 1661 labiis
1093 1609 1349 1661 sublimat
1387 1609 1614 1677 honore,
1828 1623 1909 1663 145

224 1680 325 1734 Sed
367 1682 583 1735 diversa
620 1683 810 1751 procul
849 1682 1025 1736 cordis
1066 1685 1273 1735 secreta
1311 1686 1606 1750 pererrant.

223 1756 470 1825 Accipite
512 1774 641 1827 ergo
684 1774 869 1808 omnes
911 1774 1174 1825 auresque
1215 1755 1480 1808 advertite
1523 1756 1721 1808 cordis:

225 1828 352 1882 Non
391 1830 567 1882 inlata
604 1829 813 1881 homini
850 1829 1053 1882 fuerint
1093 1847 1482 1898 quaecumque,
1521 1829 1784 1898 pudendis

226 1901 487 1955 Sordibus
528 1906 819 1972 aspergent
857 1902 1067 1955 vitaeve
1109 1903 1356 1956 animove
1397 1903 1674 1956 sedebunt.

225 1974 536 2044 Erumpunt
573 1976 853 2028 hominum
894 1975 986 2028 sed
1027 1993 1163 2044 quae
1202 1976 1570 2043 penetralibus
1611 1977 1742 2046 oris,
1831 1990 1915 2031 150

221 2048 500 2101 Internam
540 2050 734 2101 misere
774 2049 1129 2102 maculabunt
1168 2049 1312 2101 edita
1351 2049 1634 2101 mentem.“

222 2122 496 2191 Discipuli
535 2122 754 2176 Christo
793 2125 1120 2191 memorant,
1162 2122 1302 2191 quod
1342 2123 1508 2175 verba
1546 2122 1817 2191 loquentis

225 2195 450 2248 Occulto
491 2196 772 2249 traherent
811 2196 1110 2249 scribarum
1149 2198 1371 2264 pectora
1408 2196 1536 2248 risu.

225 2269 325 2322 Ille
366 2269 579 2323 dehinc.
617 2268 884 2338 „Genitor
922 2270 1232 2338 plantarum
1275 2268 1481 2321 semina
1518 2271 1708 2321 noster

230 2342 378 2405 Quae
417 2361 527 2395 non
564 2343 680 2412 ipse
721 2343 804 2395 sui
844 2344 1086 2395 consevit
1122 2343 1179 2394 in
1219 2360 1450 2411 aequore
1489 2343 1654 2411 ruriS‚
1829 2356 1912 2396 155

229 2416 445 2469 Abiciet
483 2417 700 2485 penitus
740 2416 1011 2469 radicibus
1053 2419 1206 2468 eruta
1245 2417 1419 2486 longe.

228 2487 459 2542 Caecum
498 2489 641 2542 forte
682 2490 870 2542 ducem
910 2507 1099 2542 caecus
1141 2490 1207 2542 si
1222 2492 1415 2542 nactus
1457 2490 1696 2559 oberret,

226 2561 447 2615 Decidet
484 2564 542 2615 in
578 2562 795 2617 foveam
833 2562 1038 2632 pariter
1077 2562 1352 2616 demersus
1391 2562 1666 2632 uterque.“

347 2711 429 2750 136
453 2719 564 2750 nam
588 2719 698 2751 cura
713 2707 822 2751 MR
846 2709 861 2765 ΙΙ
886 2712 969 2752 137
1001 2707 1250 2752 Praeteriit
1281 2709 1559 2763 sumuntque
1591 2707 1651 2763 A,
1682 2708 1910 2765 praeterit

226 2779 341 2808 sum.
378 2765 446 2820 0¹,
485 2765 718 2810 Praeterit
749 2767 846 2811 abs.
882 2767 943 2810 M
959 2766 1122 2820 VBeo,
1160 2766 1392 2811 Praeterit
1424 2767 1520 2810 abs.
1552 2768 1622 2810 vel
1651 2780 1738 2811 ass.
1775 2767 1792 2823 ss
1828 2771 1912 2810 142

225 2823 381 2868 verbis
400 2824 472 2878 0²,
504 2824 644 2868 dictis
668 2826 683 2882 l]
709 2829 792 2869 153
818 2827 1012 2881 carpant
1038 2826 1100 2870 V¹
1124 2839 1224 2869 cum
1247 2826 1395 2882 ylossa
1421 2825 1688 2880 detrahant,
1721 2827 1921 2882 captant

226 2883 337 2984 glut
367 2884 474 2940 (div.
506 2896 591 2928 ser.
626 2887 837 2941 carpant)
871 2885 886 2940 ΙΙ
927 2888 1008 2928 157
1043 2883 1244 2929 Caecum
1271 2910 1324 2916 —
1351 2897 1513 2928 caecus
1548 2861 1789 2928 02A’Mat
1803 2884 1918 2939 Ber,

264 2954 400 2986 aecus
425 2968 479 2974 —
506 2955 696 2987 caecum
