2038 3192
243 153 313 206 26
966 151 1147 196 LIBER
1177 151 1209 196 I.

242 273 356 326 Aut
396 273 573 326 alacer
614 271 828 339 sonipes
868 272 1041 340 ruptis
1081 272 1312 325 effrenus
1352 272 1601 341 habeniS,

243 348 357 400 Aut
394 345 621 399 rectoris
662 361 823 413 egens
864 348 1090 398 ventosa
1128 364 1223 414 per
1263 364 1497 415 aequora
1535 347 1745 416 puppis,

317 419 614 473 Observate
653 418 802 486 illos,
840 417 982 470 falso
1023 419 1115 488 qui
1152 420 1369 472 nomine
1409 420 1563 472 vobis
1841 435 1925 474 690

242 493 476 546 Insidias
514 492 722 545 faciunt
761 492 1208 562 appellanturque
1248 493 1560 563 prophetae.

242 566 361 620 Hos
404 567 586 619 ovium
628 565 829 634 species
870 566 1056 635 vestit,
1096 567 1190 619 sed
1230 585 1390 620 saeva
1429 567 1681 634 luporum

239 640 467 694 Pectora
507 639 693 692 fraude
732 642 947 709 tegunt,
986 640 1327 710 lacerantque
1367 642 1583 693 incauta
1621 640 1895 694 trahentes

239 714 479 784 Agmina
518 713 823 780 cedentum,
864 731 1055 766 saevus
1096 732 1230 782 quos
1272 715 1472 782 decipit
1512 732 1674 767 error.

238 787 527 841 Fructibus
569 805 596 840 e
636 786 869 856 propriis
910 791 1209 840 noscuntur
1246 788 1382 841 talia
1422 791 1684 857 monstra,
1838 800 1923 842 695

243 861 519 931 Quemque
559 863 712 930 petat
750 860 912 912 finem
949 860 1122 913 fallax
1159 861 1404 915 doctrina
1442 861 1730 915 videndum
1769 865 1866 915 est,

239 934 385 987 Nam
423 952 595 1004 neque
636 934 700 987 de
739 934 956 986 tribulis
996 935 1127 987 ficus
1166 953 1264 988 nec
1305 935 1544 988 sentibus
1585 953 1717 988 uvas

237 1008 560 1062 Provenisse
598 1026 854 1076 umquam
894 1009 1034 1060 ruris
1074 1027 1169 1077 per
1208 1012 1365 1079 terga
1403 1009 1652 1062 notastis,

240 1082 421 1152 thue
462 1083 623 1134 arbor
662 1082 883 1151 proprio
922 1082 1154 1134 vestitur
1194 1083 1434 1152 germine
1474 1083 1643 1151 pomi,

242 1154 329 1210 Sic
370 1156 524 1208 dolus
564 1155 783 1208 illorum
823 1155 1003 1208 fructu
1041 1160 1381 1209 monstrante
1420 1157 1664 1226 patescit.
1841 1169 1926 1210 700

313 1229 439 1283 Non
479 1246 579 1299 ego
619 1229 939 1299 palpantum
979 1229 1156 1282 verbis
1198 1233 1251 1281 et
1289 1230 1494 1283 honore
1533 1230 1803 1298 movebor,

241 1302 376 1372 Nec,
415 1321 500 1355 me
541 1302 682 1371 quod
722 1302 999 1355 dominum
1038 1303 1370 1372 praeblanda
1409 1303 1642 1356 adolatio
1683 1303 1844 1372 dicet,

237 1376 482 1430 Praemia
521 1376 771 1429 caelestis
813 1375 1027 1445 capient
1068 1379 1367 1445 spontanea
1407 1376 1562 1430 sedis,

239 1450 331 1503 Illi
372 1450 465 1503 sed
504 1450 696 1502 merito
737 1450 1048 1518 gaudebunt
1086 1468 1306 1502 munere
1345 1450 1522 1520 regni,

238 1523 342 1586 Qui
379 1523 581 1576 facient
618 1524 793 1576 nostri
833 1523 1095 1593 genitoris
1136 1524 1282 1576 iussa
1321 1524 1579 1577 volenteS.
1836 1538 1920 1577 705

237 1597 508 1651 Adveniet
545 1615 671 1650 mox
712 1615 921 1649 summa
960 1597 1096 1665 dies,
1136 1615 1272 1666 quae
1312 1597 1427 1650 iure
1469 1615 1653 1650 severo

236 1671 488 1725 Praemia
527 1671 769 1723 iustitiae
808 1670 1012 1722 tribuet
1053 1671 1349 1740 scelerique
1389 1670 1705 1739 gehennam.

236 1746 385 1798 Tunc
425 1745 560 1798 mihi
601 1745 895 1797 multorum
935 1744 1194 1797 clamabit
1231 1744 1364 1797 talia
1402 1745 1583 1797 fletus:

237 1818 431 1872 Nonne
469 1821 564 1871 tuo
606 1818 878 1887 quondam
917 1835 1147 1887 magnae
1189 1818 1287 1870 sub
1327 1818 1543 1871 nomine
1575 1817 1740 1871 >nobis

237 1891 489 1945 Virtutes
531 1891 731 1945 sanctis
773 1891 1096 1943 domuerunt
1136 1891 1318 1943 omnia
1356 1891 1556 1944 iussis?
1837 1904 1922 1945 710

239 1965 410 2035 Saepe
451 1965 615 2018 etiam
653 1967 842 2017 nostra
882 1967 965 2017 est
1003 1982 1107 2017 vox
1147 1965 1498 2017 adnumerata
1536 1965 1818 2034 prophetis

240 2038 580 2108 Servivitque
619 2041 714 2091 tuo
752 2038 910 2090 nobis
951 2038 1049 2090 sub
1089 2038 1304 2090 nomine
1345 2038 1586 2090 daemon.

238 2113 387 2166 Tunc
426 2113 617 2166 iurabo
657 2111 791 2180 illis,
831 2111 972 2180 quod
1010 2110 1139 2163 talis
1180 2111 1399 2180 cognita
1436 2129 1732 2179 numquam

236 2187 368 2239 Vita
406 2186 540 2238 mihi
580 2188 663 2238 est
701 2185 1004 2254 hominum,
1044 2185 1213 2254 gestis
1255 2203 1392 2253 quae
1433 2184 1615 2237 sordet
1653 2184 1867 2253 iniquis

312 2259 549 2328 Quisque
588 2258 722 2312 meis
762 2258 984 2311 monitis
1025 2276 1284 2327 auresque
1325 2261 1378 2310 et
1410 2257 1554 2311 facta
1587 2258 1807 2326 dicabit,
1836 2272 1919 2311 715

235 2333 395 2387 Hunc
435 2333 675 2401 aequabo
715 2332 832 2385 viro
874 2331 1060 2384 solidis
1100 2331 1414 2384 fundamina
1454 2331 1596 2384 saxis

235 2407 490 2475 Ponenti,
530 2406 731 2458 librata
772 2423 932 2475 super
971 2405 1055 2458 cui
1096 2406 1308 2458 moenia
1349 2408 1585 2474 surgent.

356 2585 442 2626 694
489 2581 737 2624 cedentum
776 2579 839 2623 M
880 2580 973 2635 (sed
1011 2583 1131 2624 totus
1167 2593 1208 2623 v.
1242 2594 1272 2623 a
1301 2592 1359 2622 m.
1391 2578 1458 2621 II
1488 2580 1608 2624 inter
1647 2579 1728 2624 lin.
1768 2580 1916 2636 suppl.

235 2643 329 2697 est),
363 2641 583 2684 edentum
617 2638 686 2694 0¹,
718 2639 987 2682 credentum
1018 2638 1064 2682 R
1102 2639 1117 2693 ΙΙ
1147 2642 1256 2694 post
1287 2642 1394 2681 696:
1445 2637 1737 2694 Quapropter
1766 2652 1920 2682 rerum

235 2699 425 2744 molicio
448 2697 762 2755 perspiciatur
783 2696 910 2741 G¹M
925 2695 1158 2753 (molitio),
1190 2698 1306 2741 deest
1323 2695 1442 2740 1202
1459 2697 1566 2742 Mat
1580 2696 1779 2741 LAdd1·
1794 2696 1810 2721 ²
1824 2697 1920 2740 Ber

235 2759 292 2803 H
302 2759 367 2816 Sy
382 2757 501 2812 Bod,
525 2761 684 2814 postea
714 2757 821 2800 add.
844 2755 931 2810 ΜΡ
947 2756 1000 2809 Τ,
1031 2756 1214 2813 viryula
1244 2757 1449 2799 inclusus
1480 2761 1521 2800 et
1551 2755 1918 2810 circumscriptus

244 2816 340 2873 V²,·
368 2818 530 2861 manui
559 2816 826 2860 scholiastae
855 2815 1038 2859 debetur
1061 2815 1075 2870 ΙΙ
1102 2819 1184 2858 702
1218 2813 1506 2869 praeblanda
1539 2814 1649 2858 0¹13
1676 2816 1683 2868 Ι
1710 2812 1916 2858 adolatio

235 2877 302 2920 vel
334 2875 543 2919 adulatio
565 2874 602 2918 O
628 2874 720 2931 (sed
745 2874 949 2930 primum
979 2875 1031 2917 in
1062 2874 1260 2929 optimis)
1285 2874 1300 2929 ΙΙ
1326 2878 1408 2917 703
1434 2872 1622 2929 capient
1638 2872 1707 2927 01,
1734 2871 1918 2930 capietll

237 2939 320 2979 705
351 2933 527 2979 facient
559 2932 628 2988 0¹,
660 2931 838 2976 faciunt
