2038 3192
573 746 834 835 LIBER
886 745 1365 810 SECUNDUS.
1458 794 1468 806 .

197 979 419 1050 Iamque
460 979 570 1032 dies
610 997 781 1049 prono
823 979 1078 1033 decedens
1119 980 1322 1033 lumine
1361 983 1590 1050 pontum

120 1053 411 1123 Inciderat‚
450 1053 770 1123 furvamque
811 1072 972 1123 super
1010 1072 1117 1107 nox
1157 1055 1372 1107 caerula
1410 1054 1619 1124 pallam

124 1125 357 1180 Sidereis
396 1127 602 1197 pictam
639 1127 875 1181 fiammis
915 1146 1012 1198 per
1049 1127 1210 1181 inane
1249 1128 1524 1181 trahebat:

124 1199 259 1254 Cum
299 1203 499 1254 multos
538 1201 784 1255 homines
826 1202 1025 1255 mentis
1064 1202 1326 1272 languore
1365 1205 1582 1254 ruentes

122 1274 522 1345 Devinctosque
563 1276 801 1328 animam
841 1275 1131 1328 furibunda
1171 1275 1447 1329 daemonis
1489 1279 1604 1329 arte
1786 1290 1812 1330 5

123 1347 405 1402 Certantes
446 1349 647 1418 populi·
674 1368 834 1403 caeca
872 1351 983 1402 iam
1021 1352 1181 1402 nocte
1219 1349 1482 1402 ferebant.

124 1420 229 1475 Sed
269 1423 489 1476 verbum
530 1421 734 1476 Christi
771 1426 926 1476 tanto
967 1424 1228 1493 languore
1267 1427 1477 1477 remoto

123 1495 387 1549 Omnibus
426 1496 713 1567 indulgens
752 1497 1051 1566 praebebat
1089 1515 1314 1550 munera
1352 1497 1546 1550 Patris,

121 1569 264 1623 Ecce
305 1570 396 1623 sed
436 1575 625 1623 exorta
664 1570 839 1624 maior
879 1589 1000 1624 cum
1039 1571 1158 1624 luce
1198 1572 1464 1624 tumultus

122 1642 403 1697 Gratantis
444 1645 632 1713 populi
671 1663 794 1698 cum
832 1645 1030 1714 turbis;
1073 1644 1263 1697 anxius
1302 1645 1395 1697 ille
1760 1659 1812 1699 10

121 1716 189 1769 In
226 1735 376 1770 mare
415 1718 705 1770 velivolum
745 1718 946 1771 celsam
986 1718 1243 1771 deducere
1282 1719 1443 1771 iussit

122 1789 421 1860 Discipulis
460 1791 700 1861 puppim.
762 1791 1019 1845 Precibus
1060 1795 1179 1844 tum
1219 1793 1395 1845 scriba
1433 1793 1669 1862 profusis

124 1862 363 1934 Navigio
404 1862 589 1918 Sancti
627 1866 832 1934 pariter
870 1866 1131 1934 poscebat
1171 1866 1336 1919 abire.

123 1936 235 1990 Olli
273 1936 524 1991 Christus
564 1939 663 1992 ait:
701 1938 858 2009 „Quo
899 1958 984 1993 me
1023 1942 1105 2009 tn,
1146 1940 1346 2009 scriba,
1387 1940 1662 2010 sequeris?

122 2009 394 2088 Vulpibus
432 2013 491 2064 in
530 2013 675 2065 saltu
713 2031 873 2083 rupes
914 2014 1093 2067 excisa
1131 2014 1398 2067 latebram
1760 2028 1812 2068 15

122 2084 374 2155 Praebet,
415 2089 471 2139 et
509 2086 668 2139 aeriis
710 2087 900 2141 avibus
941 2087 1034 2140 dat
1075 2088 1215 2141 silva
1256 2088 1515 2159 quietem3

125 2158 230 2212 Ast
267 2159 502 2213 hominis
541 2163 671 2214 nato
710 2162 874 2214 nullis
917 2161 1198 2215 succedere
1237 2162 1397 2215 tectis

124 2232 229 2286 Est
267 2233 499 2287 licitum:
539 2234 718 2305 gentis
760 2234 836 2289 sic
876 2238 1003 2288 sunt
1043 2237 1324 2289 molimina
1362 2237 1622 2290 vestrae.“

243 2364 520 2420 Inscriptio.-
543 2364 769 2411 INCIPIT
794 2365 976 2411 LIBER.
1002 2366 1323 2412 SECVNDVS
1342 2366 1624 2412 CALVETII
1648 2367 1813 2420 AQVI·

126 2420 251 2465 LINI
288 2421 401 2468 Inde
441 2422 686 2482 Philippus
727 2424 883 2472 ait...
911 2440 1070 2490 cernes
1111 2426 1330 2472 dubitare
1370 2427 1558 2484 quiesce
1586 2428 1592 2484 1
1621 2428 1668 2472 et
1706 2441 1812 2484 pro-

126 2480 253 2538 prios
282 2481 374 2526 huc
404 2495 543 2540 saepe
573 2498 741 2542 greges
772 2485 834 2530 ad
864 2486 1034 2542 pocula
1065 2485 1198 2530 duxit
1231 2489 1238 2542 Ι
1273 2485 1580 2544 Progrediens
1610 2485 1720 2531 inde
1752 2486 1812 2530 na

128 2538 276 2584 oculis
314 2539 437 2585 tueri
474 2541 638 2588 licebit
662 2545 671 2600 l
698 2542 772 2587 Ad
809 2544 901 2589 hoc
942 2547 1154 2590 seruator
1193 2545 1311 2590 talia
1350 2545 1478 2590 dicta
1516 2545 1708 2601 detulit;
1758 2544 1815 2589 (1¹

133 2599 208 2655 (cf.
243 2599 315 2642 II
343 2602 435 2646 109
464 2604 505 2645 et
535 2604 669 2659 264),
731 2601 960 2648 INCIPIT
999 2602 1183 2647 LIBER
1215 2603 1533 2649 SECVNDVS
1567 2604 1678 2649 MR
1711 2606 1814 2662 (om.
1883 2617 1887 2620 ’

127 2656 262 2710 liber)
302 2657 388 2715 Vu
421 2663 447 2702 2
486 2656 758 2718 fulvamque
792 2661 850 2707 0²
878 2665 895 2720 [Ι
933 2667 960 2707 5
994 2663 1340 2720 Deuinctasque
1373 2664 1551 2708 animas
1584 2663 1815 2709 scelerata

130 2716 417 2763 ‘furibunda’
431 2718 579 2763 daem.
598 2719 668 2776 0¹,
702 2720 1045 2779 Deuinctosque
1069 2722 1276 2767 animam
1293 2723 1332 2767 Ο
1355 2724 1434 2768 sed
1457 2722 1708 2767 furibunda
1728 2735 1815 2779 pro

127 2775 357 2820 scelerata.
395 2777 555 2834 V¹Mp
578 2779 594 2835 ΙΙ
617 2784 643 2823 6
676 2778 919 2825 Certantes
954 2781 1063 2826 (ΡΑ
1079 2782 1129 2836 Τ,
1163 2783 1386 2827 Certatim
1411 2784 1427 2840 ΙΙ
1453 2786 1505 2826 11
1538 2796 1666 2826 mare
1697 2780 1813 2825 mul-

124 2833 331 2879 tisonum
361 2837 615 2882 velibolum
649 2837 706 2883 0¹
736 2839 752 2896 ΙΙ
795 2845 850 2885 15
882 2840 1087 2886 latebras
1123 2839 1178 2884 0¹
1207 2843 1223 2898 ΙΙ
1257 2846 1311 2886 18
1344 2841 1586 2886 molimina
1614 2839 1814 2885 intentio

126 2894 307 2939 vestrae
341 2895 412 2950 0¹,
447 2895 688 2941 molimina
718 2901 902 2944 vestrae
939 2899 1059 2944 V¹A
1082 2900 1177 2945 Ber
1206 2900 1404 2944 P¹M**
1466 2901 1607 2957 (Iocus
1642 2911 1815 2944 vacuus

43 3013 49 3023 x
125 2952 308 2998 relictus
338 2955 466 3011 erat),
500 2956 571 3000 est
600 2955 800 3003 intentio
832 2960 1013 3003 vestrae
