2038 3192
843 153 901 199 V.
926 159 1145 201 58—126.
1768 156 1838 209 59

231 274 524 344 Discipulis
563 277 692 327 tunc
731 273 854 338 inde
893 273 1045 326 iubet
1085 274 1438 327 conscendere
1477 293 1671 327 navem

152 351 229 405 Et
267 348 501 404 transire
538 347 760 411 fretum,
802 347 971 400 donec
1011 347 1307 400 dimitteret
1347 366 1552 417 omnes,

153 423 219 477 In
258 442 355 476 sua
394 439 681 492 quemque,
720 421 882 473 viros,
947 420 1086 472 Tum
1127 421 1328 474 montis
1368 422 1511 475 celsa
1548 421 1743 491 petivit
1782 435 1838 476 95

152 497 502 565 Secretusque
542 495 732 548 dehinc
771 493 1037 565 genitoris
1076 513 1275 547 nomen
1314 496 1518 548 adorat.

150 571 369 640 Iamque
410 571 666 639 soporata
703 569 994 637 torpebant
1034 569 1215 621 omnia
1251 572 1430 636 nocte,

150 643 286 698 Cum
324 645 522 714 puppis
561 641 736 694 medio
778 642 1022 694 sulcabat
1059 641 1115 694 in
1155 660 1386 711 aequore
1425 642 1620 695 fluctus

151 718 359 771 lactata
398 717 620 771 adverso
662 716 934 784 surgentis
974 715 1191 768 flamine
1229 715 1392 768 venti.

149 790 255 844 Ast
293 790 387 844 ubi
424 790 535 843 iam
573 788 804 859 vigilum
845 791 1039 858 quarta
1078 789 1313 842 statione
1352 789 1636 853 premebat
1751 804 1834 844 100

147 863 340 919 Noctis
378 864 483 917 iter
520 862 737 932 rapidos
778 863 1036 915 attollens
1076 862 1267 916 lucifer
1304 866 1454 915 ortus
1465 905 1478 931 ‚

146 937 429 991 Fluctibus
466 938 523 990 in
562 936 780 1005 liquidis
822 937 962 990 sicco
1001 936 1235 1006 vestigia
1274 953 1464 1006 gressu

149 1010 451 1080 Suspensus
490 1010 747 1080 carpebat
785 1010 891 1063 iter
928 1041 988 1048 —
1026 1010 1275 1063 mirabile
1314 1010 1434 1062 visu
1469 1010 1558 1061 —2

149 1083 373 1154 Iamque
411 1084 814 1155 propinquabat
853 1084 1043 1153 puppi,
1083 1083 1178 1136 sed
1215 1083 1396 1137 nescia
1433 1085 1633 1136 nautae

148 1157 389 1212 Attoniti
427 1158 660 1211 tremulo
699 1157 990 1210 vibrabant
1030 1157 1192 1210 corda
1229 1175 1429 1226 pavore
1751 1171 1832 1211 105

147 1231 556 1302 Clamoremque
596 1231 757 1285 simul
798 1231 1023 1284 confusa
1061 1234 1241 1284 mente
1282 1231 1555 1284 dederunt.

146 1306 281 1358 Tum
319 1306 527 1375 pavidis
561 1304 812 1373 Christus
852 1305 1113 1374 loquitur:
1154 1304 1371 1372 „Timor
1411 1304 1586 1357 omnis
1628 1305 1832 1373 abest0‚

145 1377 579 1448 Credentumque
618 1381 776 1448 regat
812 1382 1071 1449 vegetans
1111 1378 1419 1432 constantia
1459 1381 1708 1431 mentem.

143 1452 233 1506 En
273 1471 374 1523 ego
416 1471 554 1517 sum,
594 1455 808 1506 vestrae
848 1452 1122 1505 doctorem
1160 1452 1368 1505 noscite
1406 1451 1587 1505 luciS.“

144 1525 252 1579 Olli
291 1526 561 1580 confidens
601 1525 890 1594 respondet
928 1526 1062 1578 talia
1100 1525 1317 1578 Petrus:
1747 1540 1828 1579 110

140 1598 239 1668 „Si
278 1602 373 1652 tua
411 1618 511 1652 nos
551 1617 673 1653 vere
714 1599 970 1670 dignatur
1009 1600 1180 1652 visere
1219 1600 1415 1669 virtus,

141 1672 228 1725 Me
267 1673 474 1742 pariter
511 1674 768 1743 permitte
807 1676 902 1725 tuo
942 1691 1103 1742 super
1141 1691 1377 1741 aequora
1416 1673 1567 1725 iussu

140 1745 420 1799 Fluctibus
459 1746 518 1798 in
554 1746 772 1816 liquidis
813 1747 1074 1799 inmersos
1114 1746 1280 1816 figere
1321 1745 1587 1817 gressuS.“

141 1817 352 1872 Annuit
389 1819 476 1872 his
515 1819 802 1889 Dominus3
839 1838 1032 1873 navem
1072 1838 1196 1873 mox
1235 1820 1476 1890 linquere
1515 1819 1709 1874 Petrus

141 1892 320 1945 Audet
361 1896 415 1946 et
452 1893 664 1946 innixus
704 1893 826 1964 figit
866 1893 1098 1964 vestigia
1135 1896 1318 1962 pont0.
1744 1907 1826 1948 115

139 1965 346 2019 Verum
383 1967 477 2019 ubi
514 1970 792 2020 tantarum
833 1969 1068 2020 mentem
1108 1967 1371 2020 miracula
1408 1985 1591 2020 rerum

140 2039 459 2093 Terrificant
498 2041 752 2110 ventique
791 2040 965 2094 minas
1005 2041 1339 2094 crebrescere
1379 2041 1574 2110 cernit,

139 2112 414 2167 Paulatim
455 2115 650 2167 cedunt
688 2115 849 2167 dubio
889 2114 1180 2184 liquefacta
1218 2115 1412 2168 timore

140 2187 288 2250 Quae
326 2187 567 2241 validum
604 2188 729 2241 fidei
769 2188 1060 2259 gestabant
1099 2207 1333 2257 aequora
1371 2188 1550 2240 robur.

137 2259 362 2330 Iamque
402 2259 590 2314 Simon
628 2261 805 2315 medio
846 2262 1155 2315 submersus
1196 2280 1418 2331 corpore
1458 2262 1683 2314 clamat:
1740 2275 1823 2316 120

138 2332 454 2403 „Fluctibus
493 2335 776 2389 horrendis
814 2339 1124 2404 pereuntem
1165 2336 1360 2405 diripe,
1400 2334 1677 2389 Christe!“

138 2405 375 2460 Dextera
413 2408 697 2462 confestim
734 2410 1075 2480 protenditur
1113 2410 1274 2462 obvia
1311 2408 1491 2477 Petro,

139 2479 215 2532 Et
253 2480 500 2534 dubitata
537 2482 668 2535 fides
708 2483 889 2536 verbis
929 2483 1196 2536 mulcetur
1235 2483 1436 2535 amaris

138 2551 518 2623 Ascensaeque
555 2555 663 2608 rati
701 2557 974 2610 contraria
1011 2557 1232 2610 flamina
1271 2556 1480 2610 cedunt.

139 2625 590 2698 Praesentemque
627 2629 730 2683 Dei
770 2630 1015 2683 subolem
1055 2633 1309 2700 stupuere
1347 2632 1605 2700 rogantes
1739 2642 1820 2682 125

141 2697 356 2769 Cuncti,
392 2703 609 2772 navigio
651 2703 825 2757 socios
865 2722 998 2773 quos
1038 2722 1193 2757 casus
1234 2703 1487 2757 habebat.

261 2877 344 2918 106
384 2867 574 2919 confusa
611 2877 767 2921 mente
806 2891 920 2922 voce
963 2877 1032 2932 0¹,
1073 2880 1230 2923 mente
1267 2879 1412 2923 solum
1443 2876 1490 2921 A
1519 2877 1637 2930 Bar,
1668 2889 1781 2922 voce
1804 2876 1820 2934 Η

142 2935 225 2975 121
259 2932 416 2989 deripe
456 2933 533 2990 Vss
559 2937 642 2978 123
674 2935 845 2980 amoris
877 2950 991 2981 corr.
1024 2950 1080 2981 ex
1111 2937 1281 2981 amaris
1315 2936 1385 2991 C1,
1418 2936 1589 2980 amoris
1622 2935 1686 2979 M
