2038 3192
16 271 31 372 l,

0 981 12 1321 ἓ

757 118 1231 165 PROLEGOMENA.
1750 120 1834 166 xv

151 243 287 296 simo
343 242 427 294 vel
475 241 619 293 inter
660 258 716 293 se
756 239 842 293 vel
883 257 1005 292 cum
1048 239 1099 291 T
1133 239 1406 308 cohaeret,
1445 242 1506 292 ut
1544 258 1608 292 ex
1647 240 1833 293 eodem

151 315 445 384 archetypo
485 313 703 367 fluxisse
742 313 1041 366 videantur.

258 387 470 442 Codex
518 385 973 456 sangallensis
1015 383 1133 457 (Sy)
1177 385 1279 438 197
1331 387 1553 440 membr.
1599 384 1659 439 4⁰
1699 405 1833 441 saec.

145 461 362 516 IX—X.
438 460 577 515 Vide
631 459 912 529 Scherrer,
972 458 1350 512 Verzeichniss
1414 461 1507 513 der
1560 459 1686 514 Η88.
1741 460 1834 513 der

148 535 443 590 Stiftsbibl.
505 553 613 588 von
674 533 750 588 St.
813 532 898 602 Gn,
953 533 1015 587 R.
1071 532 1356 602 Peiperum
1420 535 1477 586 in
1540 535 1619 587 ed.
1680 535 1833 588 Aviti

145 630 195 680 p.
234 609 420 677 LXXI,
459 607 794 661 Huemerum
831 607 888 659 in
928 607 1005 660 ed.
1048 605 1222 660 Sedul.
1263 625 1314 675 p.
1353 606 1553 661 XVIII.
1631 607 1832 661 Textus

146 683 357 754 generis
396 682 554 735 mixti
594 685 691 750 est,
731 681 825 734 sed
863 682 1177 749 plerumque
1221 698 1342 733 cum
1382 681 1553 734 classe
1585 683 1659 735 M
1688 682 1833 735 facit.

256 755 466 810 Codex
510 755 850 808 Albiensis
898 755 969 807 99
1025 754 1247 812 membr.
1293 751 1353 807 40
1400 773 1534 808 saec.
1582 754 1675 807 IX.
1753 754 1832 809 Of.

145 828 444 900 Catalogue
508 829 600 882 des
654 829 787 882 bibl.
843 827 935 880 des
991 827 1106 897 dep.
1161 827 1189 879 I
1243 847 1293 897 p.
1348 828 1472 882 498.
1549 827 1831 882 Lectiones

142 921 341 973 paucas
372 903 436 956 E.
460 901 528 956 H.
561 902 777 956 Rebout
807 901 1253 954 bibliothecarius
1285 902 1419 954 mihi
1452 902 1830 972 suppeditavit.

257 976 468 1030 Codex
517 975 847 1029 Gudianus
901 975 1003 1028 191
1052 975 1276 1028 membr.
1332 972 1391 1028 4⁰
1439 994 1574 1029 saec.
1613 976 1663 1029 X
1710 995 1832 1029 con-

146 1053 279 1104 tinet
316 1049 410 1104 fol.
450 1048 696 1104 41—56b
735 1049 954 1103 Iuvenci
994 1049 1245 1102 carminis
1284 1052 1496 1118 partem
1528 1050 1611 1103 III
1644 1049 1833 1103 6—-IV

144 1125 265 1178 304.
342 1123 624 1177 Lectiones
680 1124 859 1177 varias
913 1142 961 1176 v.
1005 1123 1083 1175 ill.
1131 1142 1163 1176 a
1208 1122 1548 1176 Heinemann
1593 1124 1829 1195 benigno

144 1198 324 1251 animo
364 1216 574 1251 mecum
614 1197 1046 1250 communicavit.

255 1270 466 1324 Codex
506 1269 1082 1341 Cantabrigiensis
1133 1269 1260 1322 bibl.
1304 1270 1672 1324 universitatis
1714 1269 1831 1341 (6¹3)

144 1343 231 1415 Gg
279 1345 350 1398 35
392 1343 501 1416 (no,
547 1342 711 1414 1567)
752 1344 976 1396 membr.
1014 1343 1074 1396 4⁰
1115 1361 1248 1396 saec.
1288 1343 1380 1397 XI.
1458 1343 1537 1397 Cf.
1577 1343 1830 1397 Berichte

145 1418 192 1472 d.
250 1417 468 1471 Wiener
529 1418 826 1471 Akademie
888 1418 993 1471 vol.
1048 1418 1119 1470 84
1174 1436 1224 1486 p.
1281 1417 1390 1471 550
1416 1436 1456 1471 8.
1533 1416 1711 1471 Codex
1773 1419 1830 1472 in

142 1490 522 1562 Francogallia
572 1490 808 1544 Henrico
855 1490 964 1544 VII
1017 1493 1281 1562 regnante
1336 1491 1567 1560 scriptus
1623 1494 1830 1544 textum

140 1565 275 1618 haut
329 1566 533 1618 malum
588 1565 854 1634 continet,
908 1583 1027 1618 cum
1074 1564 1334 1618 lectiones
1387 1565 1591 1618 multae
1641 1566 1828 1619 classis

140 1638 347 1708 primae
394 1640 739 1692 intermixtae
786 1638 1142 1691 inveniantur.
1153 1635 1208 1707 ²¹²)
1285 1637 1486 1691 Textus
1533 1657 1703 1708 paene
1750 1639 1830 1691 in-

141 1715 295 1782 teger
333 1712 594 1781 repetitus
636 1714 719 1764 est
1647 1736 1649 1738 ·

254 1784 487 1838 Codice
541 1784 900 1838 Bodleiano
949 1785 1054 1838 527
1113 1786 1336 1837 membr.
1386 1783 1443 1839 8⁰
1493 1803 1629 1839 saec.
1674 1785 1827 1854 XIII,

143 1858 235 1927 qui
272 1859 442 1926 „liber
482 1858 643 1912 ecclie'
683 1860 747 1911 be
787 1859 956 1911 marie
997 1859 1060 1910 de
1099 1858 1397 1928 waverley“
1438 1862 1569 1912 erat.

253 1931 519 1985 Codices
569 1931 1002 1985 Barlovianus
1053 1930 1342 2004 (Oxoniae)
1391 1933 1462 1986 25
1502 1934 1724 1987 membr.
1771 1932 1831 1986 40

143 2023 278 2058 saec.
332 2005 431 2073 XI,
483 2005 796 2059 Metensis
852 2005 960 2060 519
1015 2007 1238 2059 membr.
1285 2004 1344 2059 4⁰
1390 2007 1518 2060 min.
1567 2025 1701 2060 saec.
1748 2006 1827 2060 XI

142 2076 462 2149 (Catalogue
525 2079 615 2131 des
679 2080 808 2132 bibl.
864 2079 956 2132 des
1011 2080 1127 2149 dep.
1176 2079 1227 2133 V
1274 2100 1323 2150 p.
1376 2078 1531 2152 193),
1585 2080 1828 2134 Parisi-

138 2170 254 2205 nus
309 2153 402 2206 lat.
459 2153 662 2222 14758,
723 2154 853 2206 olim
912 2151 966 2208 S.
1017 2152 1257 2207 Victoris
1313 2154 1444 2223 380,
1507 2173 1641 2208 saec.
1696 2154 1829 2207 XIII

143 2228 355 2278 textum
394 2226 580 2280 classis
621 2228 816 2280 tertiae
856 2227 1126 2280 interdum
1166 2228 1489 2281 lectionibus
1527 2227 1716 2281 classis
1751 2246 1827 2281 se-

143 2299 348 2369 cundae
395 2300 649 2354 admixtis
698 2301 968 2355 exhibent.
1046 2301 1127 2354 Ac
1172 2302 1407 2370 primum
1456 2302 1671 2371 quidem
1710 2303 1825 2371 ipse

142 2373 363 2441 contuli,
394 2374 611 2427 secundi
642 2375 899 2428 lectiones
931 2375 1107 2428 varias
1139 2375 1274 2427 mihi
1306 2375 1378 2428 M.
1403 2375 1599 2428 Burtin
1633 2376 1826 2429 biblio-

142 2443 414 2500 thecarius
454 2447 833 2501 liberalissime
874 2448 1257 2519 suppeditavit,
1295 2450 1444 2503 tertii
1485 2448 1546 2502 G.
1588 2448 1826 2502 Gunder-

143 2536 308 2570 mann
344 2520 604 2575 lectiones
645 2521 776 2575 satis
816 2523 1018 2575 multas
1060 2523 1239 2577 animo
1280 2523 1453 2577 amico
1493 2522 1626 2576 mihi
1662 2523 1825 2576 misit.

261 2661 304 2718 *)
337 2662 436 2707 Hoc
481 2662 585 2710 loco
634 2665 869 2723 codicem,
923 2681 1061 2723 quem
1107 2667 1334 2714 Arevalus
1381 2669 1439 2712 ad
1478 2667 1522 2711 II
1561 2672 1646 2712 247
1689 2666 1825 2711 Can-

142 2721 472 2766 tuarensem
497 2722 625 2779 dicit,
650 2738 973 2771 commemoro.
1006 2725 1127 2771 Nam
1150 2728 1272 2771 inter
1288 2725 1471 2772 codices
1490 2726 1825 2771 Cantuarenses

141 2777 393 2824 Iuvencum
439 2780 645 2827 invenire
685 2798 778 2829 non
816 2784 964 2841 potui.
1029 2785 1120 2829 Sed
1159 2784 1325 2841 lectio,
1366 2799 1506 2843 quam
1546 2787 1682 2830 Arev.
1721 2785 1752 2828 l.
1793 2784 1822 2830 l.

139 2837 330 2906 profert,
364 2839 527 2906 eadem
561 2842 644 2896 est,
681 2856 799 2898 quae
830 2843 879 2887 in
916 2842 976 2888 0²
1008 2846 1055 2888 et
1083 2843 1146 2889 0³
1177 2845 1431 2900 invenitur3
1465 2845 1625 2901 itaque
1655 2856 1824 2888 nomen

141 2896 315 2941 codicis
347 2898 406 2942 ab
439 2899 616 2944 editore
648 2903 915 2958 corruptum
948 2917 1048 2948 esse
1079 2903 1195 2948 mihi
1225 2903 1421 2949 videtur.
