2038 3192
228 157 299 209 28
755 156 935 200 LIBER
963 157 998 201 I.
1047 157 1100 201 V.
1135 161 1381 203 751—770.

230 277 471 330 Dixerat.
531 276 634 329 Ille
673 276 776 329 viri
815 279 993 330 motus
1033 278 1390 346 precibusque
1430 278 1637 347 fideque

231 350 386 404 Talia
425 368 714 403 conversus
753 351 956 419 populo
998 350 1091 404 dat
1132 351 1278 405 dicta
1318 352 1584 419 sequenti:

232 424 418 491 „Haut
456 442 715 492 umquam
753 424 921 477 talem
960 424 1182 477 memini
1221 443 1305 477 me
1346 425 1522 492 gentis
1564 426 1741 478 avitae

230 497 509 550 Invenisse
548 498 732 566 fidem3
774 497 866 550 sed
904 498 1045 551 veris
1086 498 1275 551 discite
1315 498 1496 566 dictis,

234 571 390 634 Quod
429 570 632 624 multos
672 571 920 624 homines
961 572 1187 624 diversis
1229 572 1475 640 partibus
1517 572 1662 624 orbis
1832 588 1917 628 755

230 644 557 714 Progenitos
599 645 735 698 caeli
773 662 1002 715 regnum
1043 646 1272 698 sublime
1312 646 1528 698 vocabit

234 717 368 771 Cum
408 719 656 786 patribus
695 720 899 771 nostris
940 719 1096 771 vitali
1136 720 1449 772 accumbere
1489 737 1728 789 mensae,

232 791 530 862 Progenies
573 811 801 862 quorum
842 792 1013 845 caeeis
1054 792 1296 845 demersa
1334 793 1572 845 tenebris

235 865 504 918 Dentibus
545 865 874 919 horrendum
915 866 1147 918 stridens
1186 866 1480 935 fletumque
1518 866 1868 936 frequentans

237 938 518 1008 Perpetuis
559 957 788 1008 poenam
829 940 1154 992 eruciatibus
1194 943 1315 993 aeta
1354 941 1570 994 subibit.
1839 954 1922 994 760

236 1012 312 1065 At
351 1013 455 1065 tibi
494 1014 605 1066 iam
644 1014 854 1066 iuvenis
895 1014 1090 1066 mentis
1134 1015 1331 1066 virtute
1370 1013 1567 1083 fidelis,

234 1086 312 1140 Ut
353 1087 547 1155 erediS‚
586 1087 765 1140 veniet
801 1086 1008 1140 fruetus
1049 1106 1170 1140 eum
1210 1088 1328 1140 luce
1369 1087 1604 1140 salutiS.“

237 1159 464 1212 Dixerat
505 1164 558 1212 et
599 1161 742 1213 dieto
784 1161 940 1213 eitius
982 1179 1103 1213 cum
1142 1179 1271 1214 voce
1310 1161 1580 1230 loquentis

237 1233 324 1286 Ad
362 1252 587 1303 puerum
628 1235 818 1286 celeris
859 1238 1236 1287 transcurrunt
1274 1253 1498 1287 munera
1535 1235 1707 1303 verbi,

238 1307 631 1377 Ingressusque
672 1308 890 1360 domum
931 1308 1087 1360 miles
1127 1310 1452 1377 properante
1491 1326 1733 1361 recursu·
1840 1322 1922 1363 765

234 1381 587 1435 Praevenisse
625 1381 729 1433 Dei
769 1382 1006 1434 laetatur
1044 1381 1184 1434 dona
1223 1381 1501 1434 medentis

311 1454 487 1507 Aedes
527 1455 653 1507 inde
691 1454 840 1507 Petri
880 1458 1098 1508 sanetus
1138 1455 1459 1523 penetrabat
1495 1454 1671 1525 Iesus,

239 1526 406 1581 Cuius
447 1528 645 1581 anhela
686 1546 870 1581 socrus
912 1531 1066 1581 aestu
1103 1528 1346 1598 febrique
1385 1529 1612 1582 iacebat.

237 1601 421 1670 thue
459 1603 545 1654 illi
585 1603 830 1655 dextram
869 1603 1056 1672 tetigit
1096 1603 1336 1654 salvator
1373 1601 1547 1670 Iesus,

235 1674 378 1729 Sana
418 1676 775 1728 ministerium
815 1676 1111 1745 praebebat
1149 1675 1351 1728 femina
1389 1675 1603 1728 mensis,
1831 1689 1915 1729 770

353 1810 456 1861 post
495 1811 579 1850 761
622 1807 728 1851 add.
761 1811 846 1850 est.-
894 1805 1097 1851 Obtenes
1130 1820 1248 1862 quae
1283 1805 1412 1862 cupis
1443 1804 1652 1862 rogando
1685 1805 1921 1862 sapienter

237 1864 471 1920 extemplo
498 1863 729 1922 01T89*;
762 1878 915 1910 versus
944 1879 1038 1910 ‘non
1067 1869 1131 1910 est
1154 1867 1169 1923 ΙΙ
1195 1870 1278 1910 767
1311 1865 1468 1910 hiesus
1501 1865 1595 1922 0111
1618 1864 1925 1922 Subscriptio:

238 1935 678 1981 SAPIENTISSIMI
717 1936 846 1981 VIRI
884 1919 1139 1982 IV'VENOI
1178 1937 1387 1982 XPIANI
1434 1937 1926 1983 EVANGELIORVM

236 1995 421 2040 LIBER
458 1995 686 2041 PRIMVS
727 1995 1008 2042 EXPLICIT
1043 1995 1113 2052 0¹,
1175 1995 1453 2040 EXPLICIT
1483 1996 1664 2040 LIBER
1694 1996 1923 2040 PRIMVS

240 2069 356 2114 MR
376 2070 429 2123 V,
477 2071 581 2115 add.
616 2069 720 2114 GAl
752 2069 897 2113 VEIT
929 2069 1205 2124 AQVILINI
1238 2068 1374 2114 SIVE
1406 2069 1659 2113 IVVENCI
1689 2069 1924 2114 VERSVS

238 2128 730 2174 EVANGELIORVM
760 2130 868 2174 Ber.
990 2152 993 2154 v
