2038 3192
817 181 871 224 V.
905 184 1153 225 svs-642.
1750 179 1825 232 49

132 303 401 359 Veridicis
443 300 618 371 aperit
656 300 979 354 convincens
1019 303 1241 368 pectora
1279 300 1479 353 verbis:
1736 314 1822 354 610

133 377 232 449 „Si
270 376 487 448 gemina
525 392 753 446 regnum
794 373 1116 427 distractum
1154 377 1309 444 parte
1349 374 1592 427 dehiscat

134 453 210 506 Et
249 451 419 504 scissa
459 448 741 502 adversum
782 465 898 501 sese
939 447 1168 501 divulsio
1208 451 1437 518 pugnet,

134 524 411 592 Disruptis
450 540 678 592 propere
718 522 972 574 labentur
1011 524 1205 574 cuncta
1244 520 1511 574 medullis,

134 597 402 652 Horridus
443 600 496 649 et
534 596 761 648 daemon
802 595 849 648 si
890 594 1146 647 daemone
1186 595 1408 664 pellitur
1446 598 1580 664 atr0‚

134 671 382 725 Adversa
422 669 640 723 sibimet
680 669 880 721 scissus
919 668 1123 721 virtute
1162 671 1444 738 repugnat.
1738 681 1828 722 615

136 744 269 807 Quis
308 743 512 814 poterit
549 742 805 812 praedam
846 742 1006 795 tectis
1047 741 1257 795 auferre
1296 743 1559 810 virorum,

135 818 209 871 Ni
248 818 396 886 prius
437 817 724 885 adgressor
763 816 1046 869 custodum
1086 815 1312 869 brachia
1348 815 1506 869 nodis

136 891 378 960 Vinciat,
417 893 480 943 ut
516 889 694 943 facilis
734 890 919 943 veniat
957 889 1190 959 direptio
1230 889 1499 959 praedae?

133 963 375 1034 Quisque
414 963 548 1017 meis
589 963 766 1016 aberit
806 964 1068 1017 discretus
1108 963 1265 1016 miles
1306 964 1374 1016 ab
1415 962 1604 1031 armi8‚

133 1037 328 1092 Hostis
367 1038 426 1091 in
464 1037 688 1091 adversa
727 1037 990 1091 consistet
1028 1038 1206 1090 fronte
1246 1037 1428 1089 duelli.
1745 1049 1829 1090 620

139 1112 375 1180 Quisque
414 1111 548 1164 meis
589 1111 848 1182 gregibus
888 1111 1142 1181 cogendis
1181 1110 1320 1164 liber
1359 1111 1597 1179 aberrat,

135 1184 374 1238 Dissicet
409 1185 503 1238 ille
542 1185 650 1238 mei
687 1185 898 1255 pecoris
939 1203 1036 1254 per
1076 1184 1230 1238 devia
1267 1187 1474 1254 pastus.

136 1257 243 1312 Sed
282 1259 602 1328 quicumque
639 1258 924 1312 hominum
963 1258 1127 1311 fuerit
1166 1276 1329 1326 super
1368 1257 1621 1311 omnibus
1662 1276 1829 1326 error,

135 1332 356 1386 Dimitti
395 1332 876 1401 poteritytantum
914 1350 982 1384 ne
1024 1331 1258 1401 Spiritus
1298 1350 1557 1402 umquam

137 1406 380 1460 Vocibus
419 1406 612 1459 insana
652 1406 921 1459 laceretur
960 1409 1140 1458 mente
1179 1404 1435 1475 profusis,
1746 1418 1831 1459 625

138 1478 264 1533 Sive
304 1479 489 1532 furens
527 1479 764 1532 hominis
806 1483 936 1532 nato
977 1479 1220 1532 convicia
1260 1479 1546 1548 quisquam

136 1552 381 1622 Ingeret,
420 1553 553 1606 haec
594 1553 758 1606 etiam
798 1556 1057 1623 poterunt
1094 1556 1319 1622 peccata
1356 1552 1578 1606 remitti.

137 1624 374 1695 Spiritus
416 1629 474 1679 at
514 1629 731 1680 sanctus
772 1630 988 1680 tantum
1028 1628 1342 1696 cuicumque
1381 1626 1610 1696 profana

136 1699 446 1753 Verborum
483 1700 634 1752 rabie
672 1700 991 1770 violabitur,
1029 1700 1356 1753 inrevocatis

140 1771 433 1842 Suppliciis
471 1791 614 1826 nunc
655 1777 709 1826 et
749 1791 960 1843 semper
997 1773 1294 1826 torrebitur
1330 1773 1490 1844 ignis.
1743 1787 1831 1826 630

138 1845 364 1908 Quando
404 1845 698 1899 veneniferi
741 1849 1007 1916 serpentis
1047 1865 1209 1900 saeva
1246 1865 1491 1917 propago

141 1918 464 1973 Sermonum
504 1920 647 1973 dulci
684 1924 889 1989 poterit
929 1921 1209 1974 mitescere
1247 1920 1468 1974 fructu?

138 1992 285 2047 Nam
325 1994 469 2046 bona
507 1994 778 2047 thesauris
816 1997 1142 2064 promuntur
1182 1994 1360 2047 dulcia
1398 1996 1557 2047 iustis

138 2067 215 2120 Et
254 2067 399 2119 mala
437 2067 649 2121 letifero
689 2069 989 2138 procedunt
1028 2087 1120 2122 ore
1159 2086 1380 2122 venena.

139 2139 447 2194 Verborum
488 2141 697 2194 meritis
736 2142 917 2195 veniet
957 2142 1057 2195 sub
1096 2142 1269 2195 iudice
1307 2161 1505 2212 poena,
1747 2156 1830 2196 635

141 2212 449 2268 Verborum
489 2216 695 2268 meritis
738 2216 957 2269 dabitur
996 2217 1096 2269 sub
1137 2216 1310 2270 iudice
1349 2216 1478 2269 vita.

98 2347 101 2350 ,
216 2287 364 2351 Quae
404 2288 619 2359 genitor
656 2289 840 2360 faciet,
881 2291 1177 2344 sectabitur
1217 2290 1400 2344 omnia
1437 2292 1620 2359 natus⁷

140 2359 392 2430 Namque
431 2362 573 2415 idem
612 2367 741 2416 nato
782 2364 1099 2417 manifestat
1139 2367 1333 2417 cuncta
1370 2363 1601 2417 videnda

142 2433 219 2486 Et
255 2435 472 2503 potiora
511 2435 700 2490 dehinc
739 2438 946 2491 tribuet
986 2438 1243 2491 miracula
1281 2456 1477 2492 rerum.

144 2505 298 2560 Sicut
338 2507 480 2561 enim
519 2511 732 2578 genitor
771 2512 1054 2565 demortua
1093 2530 1322 2581 corpora
1360 2511 1548 2564 reddet
1744 2525 1830 2564 640

142 2579 232 2633 Ad
270 2581 477 2634 claram
514 2582 659 2637 vitae
698 2585 896 2655 lucem,
937 2585 1014 2639 sic
1054 2586 1235 2638 omnia
1273 2584 1474 2654 NatuS,

143 2652 294 2715 Quae
335 2655 506 2723 volet,
546 2656 613 2709 ad
654 2676 876 2728 superos
917 2661 1198 2730 surgentia
1237 2677 1465 2729 corpora
1505 2659 1685 2728 ducet,

265 2787 352 2828 612
386 2782 589 2830 diuulsio
615 2786 808 2843 V¹*Hz,
838 2802 952 2834 eras.
984 2794 1089 2834 ante
1119 2788 1287 2834 diuisio
1322 2788 1383 2834 0¹
1406 2790 1421 2846 fl
1446 2794 1530 2835 618
1564 2791 1612 2834 et
1643 2790 1718 2845 M,
1751 2790 1835 2847 utll

145 2845 232 2887 619
263 2846 304 2887 et
335 2846 423 2888 620
453 2845 574 2889 erasi
602 2851 711 2890 sunt
743 2847 807 2892 0¹
837 2849 853 2905 ΙΙ
891 2852 976 2894 635
1009 2853 1050 2894 et
1080 2854 1166 2893 636
1205 2862 1307 2893 cum
1340 2847 1531 2892 0¹RM
1560 2849 1664 2904 (635
1697 2850 1830 2893 omis-

143 2913 223 2946 sus
253 2906 352 2947 erat
383 2906 424 2946 et
455 2903 508 2947 in
531 2917 673 2962 mary.
690 2906 778 2961 inf.
802 2908 1036 2964 suppletus
1065 2909 1144 2964 est)
1170 2910 1185 2965 ΙΙ
1210 2912 1295 2953 642
1326 2907 1483 2951 lumen
1510 2907 1568 2952 0¹
1585 2906 1832 2961 V¹P¹Ber‚

145 2971 338 3017 superos
381 2960 558 3017 (lumen
596 2964 711 3008 mihi
745 2969 873 3010 vetus
910 2966 1058 3023 ylossa
1096 2980 1118 3011 e
1147 2979 1279 3012 versu
1308 2966 1510 3023 praeced.
1545 2967 1606 3010 ad
1639 2979 1834 3023 superos

231 3041 432 3078 Iuvencus.
1540 3043 1567 3082 4
