2038 3192
797 156 852 201 V.
883 159 1134 202 441—505.
1732 151 1805 205 95
1888 126 1890 128 ⁵

36 327 53 344 ,
120 275 281 332 Dices
321 278 375 330 et
411 274 711 345 Christum,
750 274 1047 329 fortissime
1085 275 1270 345 Petre,
1306 273 1534 345 negabis
1543 316 1558 343 ,

114 352 192 406 Et
229 350 379 420 prius
388 392 403 419 ‚
443 348 663 403 alitibus
702 353 958 402 resonent
997 367 1159 419 quam
1197 353 1345 403 tecta
1384 346 1716 403 domorum.“

114 425 193 479 At
232 425 447 477 Petrus:
484 422 730 493 „Duram
769 425 1002 476 mortem
1041 424 1176 476 mihi
1217 441 1425 477 sumere
1466 421 1677 492 malim,
1716 435 1803 477 4⁸15

113 497 237 552 Vox
275 497 448 552 obli-ta
488 515 645 550 suum
684 515 846 566 quam
886 496 1115 567 deneget
1154 498 1262 550 ista
1302 496 1673 566 magistrum.“

114 572 229 626 Has
268 571 410 625 vires
449 571 626 625 cordis
664 573 911 639 perstant
950 572 1267 639 promittere
1306 571 1499 625 cuncti.

188 644 440 700 Nominis
478 643 716 697 Hebraei
755 647 881 697 sunt
921 643 1305 698 Gessamaneia
1344 663 1485 711 rura.

115 719 221 774 Illo
260 719 604 789 progreditur
642 718 779 771 lucis
818 718 1068 787 vitaeque
1107 722 1367 789 repertor,

118 792 275 847 Circa
315 791 566 862 discipuli
603 791 737 845 Iuda
775 792 1019 863 fugiente
1061 796 1374 862 sequuntur.
1717 805 1804 848 480

116 867 299 936 Atque
338 866 452 919 illic
489 865 726 936 reliquos
765 865 924 918 iussit
963 867 1197 919 residere
1238 867 1536 921 ministros

114 941 239 1010 Ipse
278 941 372 994 sed
412 939 707 1010 adsumpto
739 940 903 1010 longe
942 941 1231 1010 procedere
1270 940 1433 993 Petro

116 1014 449 1084 Zebedeique
490 1014 650 1067 simul
687 1015 835 1067 natis
874 1032 971 1083 per
1010 1015 1166 1068 devia
1204 1015 1395 1067 tendit.

114 1089 262 1142 Tunc
302 1106 505 1159 angore
545 1088 700 1159 gravi
738 1090 977 1141 maestus
1019 1087 1096 1142 sic
1134 1106 1265 1142 voce
1304 1087 1574 1157 profatur:

10 1169 14 1172 '
112 1162 347 1232 „Tristia
382 1180 525 1216 nunc
562 1163 783 1215 volvens
825 1162 1035 1215 animus
1075 1162 1209 1215 mihi
1247 1165 1470 1232 pectora
1507 1162 1695 1217 turbat
1717 1176 1804 1218 485

114 1236 291 1290 Morte
329 1241 509 1305 tenuS,
550 1235 643 1288 sed
673 1254 817 1289 nunc
847 1254 945 1289 vos
980 1253 1202 1307 segnem
1235 1236 1500 1289 excludite
1537 1256 1804 1308 somnum,

119 1309 528 1379 Sollicitamque
569 1309 730 1362 simul
770 1310 1044 1379 vigilando
1086 1310 1260 1363 ducite
1298 1310 1563 1364 noctem.“

114 1384 265 1438 Haec
307 1384 384 1437 ait
423 1387 478 1436 et
516 1384 739 1453 paulum
778 1384 1073 1453 procedens
1114 1402 1338 1452 corpore
1377 1388 1580 1439 terram

117 1458 392 1528 Deprimit
431 1461 486 1510 et
525 1458 643 1510 tali·
663 1457 937 1526 proiectus
976 1476 1107 1511 voce
1145 1461 1419 1527 precatur:

114 1531 214 1600 „Si
252 1533 334 1585 fas
375 1535 478 1600 est,
519 1531 757 1602 genitor,
797 1531 981 1585 calicis
1021 1549 1106 1584 me
1146 1535 1391 1586 transeat
1428 1531 1588 1586 huius
1716 1545 1805 1588 490

115 1605 439 1660 Incumbens
478 1605 660 1659 valido
698 1605 858 1658 nobis
898 1606 1158 1658 violentia
1196 1609 1389 1660 tractU.

117 1678 223 1733 Sed
261 1683 356 1733 tua
393 1679 502 1732 iam
541 1679 724 1731 veniat
763 1679 967 1748 potius,
1009 1698 1171 1749 quam
1210 1683 1403 1733 nostra
1440 1680 1715 1750 voluntaS‚

118 1753 266 1817 Quae
305 1753 408 1806 tibi
447 1753 661 1806 decreta
699 1756 782 1806 est
820 1753 990 1806 tantis
1033 1754 1302 1807 sententia
1339 1754 1547 1807 rebusf‘

192 1827 342 1880 Tunc
382 1827 450 1879 ad
490 1827 780 1896 discipulos
819 1827 1054 1896 repedat,
1095 1828 1187 1880 sed
1227 1846 1446 1881 somnus
1488 1828 1695 1882 anhelis

118 1902 431 1955 Prostratos
470 1903 648 1953 terrae
688 1901 946 1954 membris
986 1901 1311 1955 dissolverat
1349 1920 1551 1956 omnes,
1717 1915 1803 1956 495

118 1975 268 2029 Tunc
307 1975 385 2028 ait
424 1975 491 2028 ad
529 1970 773 2028 Petrum:
811 1974 978 2044 „Non
1017 1978 1100 2029 est
1138 1976 1272 2029 mihi
1310 1995 1511 2046 ponere
1549 1976 1724 2030 virtus

118 2048 299 2103 Unam
337 2049 659 2120 pervigilem
698 2049 867 2103 tantis
909 2050 1008 2102 sub
1049 2049 1263 2103 casibus
1301 2050 1531 2104 horam?

120 2122 225 2177 Sed
263 2123 511 2194 vigilate,
551 2141 763 2192 precor,
800 2141 868 2177 ne
906 2142 1004 2177 vos
1042 2124 1331 2192 temptatio
1370 2129 1556 2195 raptos

116 2197 355 2250 Horrida
392 2197 715 2266 praecipitet
753 2216 946 2252 saevae
983 2216 1081 2268 per
1117 2198 1325 2252 lubrica
1363 2200 1571 2252 mortis

120 2270 353 2341 Spiritus
391 2272 498 2323 iste
536 2271 709 2341 viget,
750 2271 843 2325 sed
883 2290 1078 2342 corpus
1119 2272 1294 2325 debile
1332 2272 1530 2326 labat.“
1720 2285 1805 2327 500

122 2341 374 2398 Secessit'
393 2362 578 2397 rursus
621 2346 811 2398 secreti
849 2346 1051 2399 montis
1091 2346 1148 2399 in
1187 2365 1365 2399 arcem

119 2417 431 2487 Orabatque
470 2421 701 2488 patrem:
740 2418 979 2488 „Rerum
1018 2420 1302 2473 mitissime
1342 2423 1537 2490 rector,

118 2492 278 2545 Hunc
318 2492 573 2561 quoniam
611 2493 832 2546 calicem
870 2511 981 2547 non
1019 2497 1103 2547 est
1141 2494 1373 2547 transire
1412 2497 1678 2564 potestas,

117 2565 235 2619 Iam
272 2569 368 2619 tua
403 2567 688 2636 proveniat
725 2570 914 2620 nostra
953 2567 1016 2621 de
1057 2570 1203 2621 sorte
1241 2567 1541 2622 voluntaS.“

117 2639 324 2694 Rursus
364 2639 656 2710 discipulos
697 2642 872 2694 somni
913 2642 1010 2695 sub
1050 2642 1287 2712 pondere
1325 2661 1541 2712 pressos
1719 2653 1804 2696 505

120 2769 257 2814 undis
278 2769 472 2827 311476
506 2771 671 2815 audita
700 2770 935 2829 MV²**n
966 2776 1052 2818 478
1086 2759 1428 2818 G‘ezamaneida
1458 2773 1651 2830 311479
1683 2770 1806 2828 iugis

121 2827 184 2872 M
199 2830 216 2886 11
238 2833 325 2873 480
359 2828 507 2883 Quem
537 2843 646 2875 mox
677 2830 896 2887 discipuli
911 2831 959 2876 R
977 2832 1038 2876 V²
1059 2833 1076 2889 11
1099 2836 1184 2877 482
1212 2831 1297 2876 Ille
1314 2832 1378 2876 Μ
1393 2832 1409 2888 ΙΙ
1431 2836 1518 2877 485
1545 2830 1806 2875 Tristitiam

118 2887 314 2993 lzplllffiag
345 2887 409 2934 M
423 2889 440 2945 ss
462 2892 548 2933 492
582 2888 673 2934 Sed
702 2891 862 2935 tamen
893 2891 1114 2936 adveniat
1144 2891 1255 2936 MR
1288 2893 1305 2948 η
1342 2895 1428 2936 495
1460 2889 1712 2935 Prostratis
1746 2888 1803 2934 0²
