2038 3192
169 185 235 230 VI
775 180 1245 227 PROLEGOMENA.

172 309 350 359 ortum
398 307 480 357 est
528 301 635 372 (vel
675 302 912 371 Iubenti,
958 321 1086 355 nam
1131 303 1166 354 b
1213 319 1312 370 pro
1359 320 1392 352 v
1443 317 1601 367 saepe
1640 299 1697 352 in
1735 299 1857 351 Mat

169 379 409 448 positum
449 374 572 446 est),
616 379 683 435 et,
708 379 899 444 postea
936 375 1184 429 Iuventii.
1263 373 1513 427 Ceterum
1550 391 1660 426 non
1700 373 1853 425 omit-

170 451 390 504 tendum
420 453 567 519 puto,
600 453 819 518 poetam
851 452 1098 502 nostrum
1128 467 1239 501 non
1265 447 1440 500 solum
1464 446 1854 516 presbyterum,

171 528 231 577 ut
277 524 335 576 in
382 523 629 577 omnibus
669 522 780 575 fere
821 523 1119 590 codicibus,
1159 522 1252 574 sed
1291 521 1455 574 etiam
1497 539 1543 573 v.
1583 538 1642 589 c.,
1679 519 1734 571 id
1774 523 1857 572 est

171 598 347 651 virum
394 597 775 664 clarissimum,
821 597 878 649 in
925 596 1196 649 codicibus
1248 594 1446 662 TKSy
1494 596 1547 646 et
1583 593 1642 645 in
1679 592 1856 645 tribus

172 670 321 724 codd.
373 689 508 723 saec.
555 668 658 722 XV
711 670 1000 737 nominari,
1055 669 1198 738 quod
1254 669 1384 738 quin
1430 667 1857 720 additamentum

170 743 516 796 librariorum
572 743 644 796 sit
691 761 849 796 nemo
906 743 1177 796 dubitabit
1231 740 1395 812 (sicut
1448 742 1505 793 in
1561 740 1672 793 cod.
1720 740 1854 793 Bod.

170 818 438 886 „optimus
485 819 646 885 poeta
692 817 842 870 urbis
882 815 1118 870 Romae“
1163 818 1218 869 et
1255 818 1470 884 „orator
1509 814 1596 868 vel
1635 812 1854 867 rethor“

173 889 519 961 appellatur).

283 964 419 1016 Tum
483 963 626 1033 quod
687 963 755 1016 ad
807 981 1008 1016 nomen
1061 963 1238 1031 operis
1295 961 1590 1030 evangelici
1645 960 1856 1028 attinet,

171 1037 400 1090 titulum
439 1037 572 1090 illud
610 1037 956 1090 notissimum
997 1037 1139 1106 quod
1177 1039 1260 1089 est
1297 1035 1627 1105 „Historia
1667 1053 1855 1087 evan-

173 1110 422 1181 gelica“
452 1129 562 1163 non
594 1111 885 1180 genuinum
919 1110 1012 1162 sed
1044 1111 1111 1163 ab
1137 1108 1277 1162 Aldo
1310 1109 1502 1178 primo,
1540 1112 1602 1161 ut
1625 1107 1856 1176 videtur,

173 1184 443 1237 codicibus
474 1184 659 1237 invitis
687 1184 988 1236 adhibitum
1014 1187 1111 1236 est.
1165 1182 1312 1236 Nam
1336 1182 1403 1236 0¹
1431 1182 1853 1251 subscriptiones

173 1276 336 1327 supra
366 1260 585 1310 notatas
617 1258 858 1326 praebet,
891 1257 957 1310 ad
990 1275 1121 1325 quas
1155 1256 1397 1309 addenda
1422 1259 1504 1309 est
1531 1255 1857 1324 subscriptio

172 1331 300 1383 libri
352 1330 457 1383 III:
510 1331 914 1399 Evanyeliorum
971 1331 1096 1384 liber
1150 1331 1328 1383 tertius
1379 1331 1597 1397 explicit.
1673 1328 1856 1398 Atque

171 1405 276 1457 hoc
329 1405 487 1458 modo
542 1404 921 1474 inscriptiones
972 1405 1052 1456 vel
1104 1403 1525 1472 subscriptiones
1571 1402 1856 1472 proferunt

174 1477 382 1531 codices
431 1478 594 1530 ceteri
639 1478 749 1530 fere
791 1496 975 1531 omnes
1015 1478 1100 1531 vel
1139 1477 1519 1546 recentissimi,
1567 1477 1675 1529 nisi
1714 1476 1858 1529 addi-

171 1554 415 1603 tamenta
453 1551 659 1604 leviora
696 1551 965 1604 interdum
998 1550 1246 1620 adposita
1278 1553 1418 1619 sunt,
1456 1551 1606 1603 velut
1637 1550 1860 1603 versibus

173 1625 230 1677 in
252 1624 306 1677 R
330 1622 402 1695 (v.
435 1622 621 1694 supra)
658 1622 784 1678 V¹·²
814 1626 915 1692 Mp
947 1625 1083 1678 aliis.
1160 1625 1243 1677 Ex
1266 1625 1346 1678 ,M
1376 1624 1539 1677 etiam
1571 1623 1635 1676 de
1667 1624 1769 1676 hac
1801 1642 1858 1676 re

174 1698 314 1750 nihil
370 1698 625 1768 colligere
679 1698 828 1766 licet,
885 1717 1005 1751 cum
1057 1698 1196 1750 nihil
1252 1698 1398 1750 aliud
1445 1697 1588 1767 quod
1635 1697 1702 1749 ad
1746 1715 1859 1749 rem

173 1771 445 1840 pertineat
483 1771 541 1823 in
579 1790 641 1824 eo
681 1771 975 1825 habeamus
1013 1771 1122 1824 nisi
1159 1771 1218 1823 in
1248 1773 1426 1841 capite
1456 1771 1625 1825 totius
1659 1771 1860 1840 operis:

173 1844 371 1912 Incipit
409 1845 656 1913 proloyus
712 1846 965 1913 euanyelii
1008 1862 1262 1898 uersuum.
1341 1845 1532 1914 Itaque
1578 1845 1717 1896 nihil
1762 1844 1860 1896 im-

173 1918 337 1986 pedit,
369 1918 497 1987 quin
528 1937 713 1972 veram
748 1919 925 1988 operis
950 1919 1358 1988 inscriptionem
1384 1918 1459 1970 sic
1483 1919 1860 1971 restituamus:

172 1990 396 2044 LIBER
465 1991 1056 2046 EVANGELIORUM
1127 1993 1213 2044 vel
1274 1991 1474 2044 LIBRI
1533 1990 1862 2044 EVANGE-

171 2063 457 2118 LIORUM
480 2064 606 2118 IIII.
670 2064 815 2127 Quae
848 2066 1130 2135 inscriptio
1162 2065 1302 2118 libro
1337 2065 1404 2118 ab
1433 2065 1646 2118 Otfrido
1670 2068 1858 2118 nostro

174 2138 475 2208 composito
512 2139 727 2210 egregie
757 2139 1120 2208 confirmatur,
1146 2139 1293 2192 cuius
1318 2138 1599 2208 inscriptio
1627 2139 1860 2209 genuina

175 2211 361 2264 eadem
387 2214 482 2280 est,
508 2213 600 2265 sed
615 2211 675 2266 Ο.
690 2212 907 2266 adiecit:
933 2213 1158 2266 theotisce
1181 2213 1512 2282 conscripta&
1533 2213 1656 2265 sine
1682 2211 1860 2281 dubi0‚

175 2288 236 2338 ut
284 2303 417 2353 opus
467 2303 622 2338 suum
669 2286 738 2339 ab
786 2304 946 2356 opere
983 2285 1220 2354 Iuvenci,
1269 2305 1425 2356 quem
1466 2304 1586 2339 cum
1626 2284 1858 2338 Aratore

176 2360 230 2411 et
261 2358 554 2411 Prudentio
594 2359 651 2411 in
690 2359 1022 2413 dedicatione
1063 2360 1130 2413 ad
1165 2359 1508 2413 Luitbertum
1550 2358 1677 2412 data
1716 2377 1858 2412 com-

174 2435 455 2499 memorat,
496 2431 869 2503 distingueret.

285 2504 679 2574 Hieronymum
713 2507 821 2559 alia
843 2506 1063 2559 Iuvenci
1086 2508 1348 2576 opuscula
1370 2507 1567 2560 vidisse
1593 2525 1657 2559 ex
1679 2506 1860 2559 verbis

177 2579 289 2632 eius
332 2597 496 2647 supra
535 2579 770 2632 laudatis
811 2583 1038 2649 constat,
1079 2581 1169 2633 sed
1209 2581 1344 2633 nihil
1382 2580 1555 2634 adhuc
1587 2583 1861 2649 repertum

178 2655 274 2706 est.
335 2651 478 2705 Nam
506 2653 855 2722 paraphrasis
881 2654 1146 2706 librorum
1172 2654 1505 2722 quorundam
1530 2653 1862 2707 Testamenti

175 2725 411 2794 VeteriS,
452 2743 588 2794 quae
635 2726 691 2779 in
739 2727 1011 2780 codicibus
1061 2727 1269 2780 duobus
1319 2726 1733 2781 Corbeiensibus
1776 2725 1861 2778 Iu-

175 2817 341 2851 venco
376 2798 711 2869 adscribitur,
750 2801 931 2869 potius
964 2799 1225 2869 Cypriani
1257 2799 1420 2871 est.*)
1487 2800 1589 2854 Sed
1622 2799 1861 2853 carmina

293 2899 335 2956 ²¹³)
367 2899 589 2944 Consulas
631 2913 754 2944 nunc
794 2900 851 2945 de
888 2900 974 2945 illo
1015 2914 1151 2957 opere
1183 2901 1237 2946 R.
1269 2900 1454 2958 Peiperi
1494 2901 1772 2946 sententiam
1811 2899 1860 2943 in

174 2958 413 3014 prooemio
447 2957 663 3004 editionis
696 2971 888 3014 operum
918 2958 1049 3005 Aviti
1078 2974 1124 3016 p.
1156 2960 1239 3004 LX
1269 2961 1518 3017 prolatam.
1560 2974 1564 2978 ’
