2066 3192
657 759 1338 822 PROLEGOMENA.

262 1007 396 1061 Post
425 1007 777 1061 novissimam
800 1006 1109 1077 „Historiae
1141 1007 1520 1077 evangelicae“
1551 1008 1841 1061 editionem

151 1082 395 1135 criticam
427 1100 460 1134 a
490 1080 547 1134 F.
580 1080 816 1135 Arevalo
850 1101 897 1135 a.
933 1082 1074 1134 1792
1105 1078 1419 1152 paratam*)
1451 1081 1517 1135 A.
1541 1082 1604 1135 R.
1636 1081 1842 1134 Gebser

151 1173 195 1208 a.
240 1156 380 1209 1827
423 1155 695 1224 specimen
732 1155 1119 1225 prolegomena
1158 1158 1213 1208 et
1250 1155 1452 1208 librum
1490 1154 1519 1207 I
1558 1155 1839 1209 continens

148 1229 323 1298 primo
357 1231 411 1281 et
434 1229 591 1282 unico
617 1229 888 1282 volumine
913 1229 1276 1283 bibliothecae
1300 1228 1530 1282 Latinae
1552 1233 1839 1299 poetarum

147 1306 390 1355 veterum
430 1301 861 1356 Christianorum
910 1303 1092 1357 edidit.
1168 1302 1246 1355 At
1289 1303 1495 1356 nullius
1541 1302 1704 1372 pretii
1742 1306 1840 1373 est,

149 1394 269 1429 cum
309 1378 496 1430 auctor
532 1394 643 1429 non
682 1376 841 1429 modo
881 1376 1052 1430 libros
1092 1377 1493 1446 manuscriptos
1531 1377 1715 1431 nullos
1758 1376 1818 1429 in

148 1450 406 1519 spexerit,
455 1450 549 1503 sed
588 1468 656 1502 ne
696 1449 991 1504 editionem
1031 1450 1248 1519 quidem
1288 1449 1530 1520 Arevali,
1579 1468 1742 1519 quam
1783 1468 1839 1503 se

146 1524 333 1576 multis
380 1523 516 1577 locis
563 1523 866 1593 quaesitam
905 1542 1014 1578 non
1054 1524 1322 1594 accepisse
1360 1544 1411 1594 p.
1452 1524 1502 1576 9.
1542 1524 1841 1593 confirmat,

145 1597 202 1650 in
240 1597 491 1650 manibus
529 1597 796 1650 habuerit.
873 1595 1063 1667 Neque
1102 1615 1229 1650 vero
1268 1597 1366 1650 illa
1406 1597 1573 1650 editio
1612 1597 1839 1651 Arevali

147 1672 394 1740 quamvis
421 1690 453 1724 a
476 1672 593 1724 viro
619 1671 983 1724 eruditissimo
1002 1671 1288 1741 diligenter
1305 1673 1619 1740 perpetrata
1634 1671 1838 1724 nostris

144 1744 481 1813 temporibus
521 1744 631 1797 iam
671 1744 885 1797 sufficit.
947 1743 1090 1797 Nam
1123 1744 1395 1798 codicibus
1427 1745 1521 1797 ille
1553 1744 1837 1798 Vaticanis

145 1818 373 1871 nimium
421 1818 652 1870 confisus
701 1818 998 1887 scripturas
1046 1818 1280 1871 aliorum
1321 1817 1566 1871 codicum
1606 1818 1837 1888 singulis

146 1892 362 1960 quidem
417 1891 550 1944 locis
604 1891 818 1944 notavit
870 1891 962 1944 sed
1011 1891 1124 1944 sine
1173 1895 1319 1944 certa
1364 1892 1574 1945 ratione
1622 1892 1837 1962 delegit.

146 1965 367 2019 Codices
409 1967 591 2018 autem
620 1963 878 2018 Vaticani
915 1983 1014 2018 nec
1053 1968 1240 2018 tantae
1273 1966 1559 2019 vetustatis
1592 1984 1691 2018 nec
1722 1969 1838 2018 tam

143 2042 484 2108 praestantes
518 2042 644 2092 sunt
680 2057 842 2108 quam
874 2038 1144 2092 Arevalus
1177 2057 1268 2092 eos
1302 2057 1418 2092 esse
1449 2042 1678 2109 putavit,
1710 2039 1837 2092 licet

145 2131 177 2164 a
220 2112 514 2182 codicibus„
561 2131 696 2182 quos
743 2112 859 2211 ipse
909 2130 1019 2166 non
1058 2112 1337 2183 cognovit,
1383 2112 1518 2166 haut
1555 2112 1635 2165 ita
1673 2113 1837 2184 longe

143 2186 340 2239 absint.

255 2259 446 2329 Itaque
501 2259 569 2312 ad
622 2278 805 2313 verum
852 2262 1063 2313 textum
1111 2259 1364 2313 carminis
1411 2259 1703 2312 identidem
1752 2259 1836 2312 de-

145 2333 334 2403 scripti
388 2336 443 2386 et
498 2333 696 2404 glossis
750 2333 930 2386 vexati
978 2333 1269 2386 eruendum
1316 2333 1551 2403 codiceS,
1605 2351 1834 2402 quorum

144 2422 372 2475 magnus
417 2424 672 2459 numerus
720 2407 778 2459 in
823 2406 1167 2460 bibliothecis
1214 2406 1555 2476 Britanniae,
1606 2405 1834 2476 Galliae,

144 2479 486 2547 Germaniae,
553 2479 861 2549 Helvetiae,
925 2480 1248 2565 Hispaniae,
1317 2480 1512 2533 Italiae
1575 2483 1834 2550 servatur,

144 2556 406 2621 quantum
458 2553 575 2606 fieri
627 2557 866 2623 poterat,
920 2555 1168 2624 inprimis
1225 2554 1592 2623 antiquissimi
1639 2554 1833 2606 exami-
1873 2593 1876 2595 >

141 2626 308 2679 nandi
359 2629 529 2678 erant.
603 2627 685 2680 Ac
730 2630 948 2697 praeter
995 2628 1342 2681 collationem
1390 2627 1633 2681 codicum
1678 2625 1832 2680 Vati·

143 2717 402 2753 canorum
449 2700 518 2752 ab
558 2699 795 2755 Arevalo
843 2701 1155 2755 institutam
1201 2719 1311 2754 non
1350 2701 1659 2754 absolutam
1698 2700 1831 2752 haec

260 2843 303 2900 *)
345 2843 444 2900 Rep
448 2843 564 2888 etita
612 2845 683 2889 est
717 2845 836 2890 haec
876 2845 1022 2891 editio
1059 2845 1111 2891 in
1148 2844 1318 2903 Mignii
1356 2843 1630 2901 Patrologia
1667 2842 1831 2899 latina,

141 2905 254 2948 tom.
285 2901 397 2946 XIX
428 2917 471 2959 p.
507 2907 534 2946 9
553 2916 611 2947 ss.

1414 2975 1476 3021 a*
