2038 3192
219 142 289 194 12
936 141 1117 186 LIBER
1146 141 1180 187 1.

218 262 611 332 Inventumque
654 261 758 313 sibi
796 278 1026 331 puerum
1065 265 1368 315 monstrare
1408 263 1702 316 colendum.

218 335 356 389 Ecce
395 335 548 388 iteris
588 334 766 387 medio
807 335 1022 387 stellam
1060 354 1406 404 praecurrere
1446 340 1674 390 cernunt

219 408 526 462 Sulcantem
565 407 799 460 flammis
841 426 1019 478 auras,
1060 427 1195 478 quae
1235 409 1468 463 culmine
1508 429 1718 463 summo

217 482 442 535 Restitit
482 484 536 534 et
574 482 728 552 pueri
765 482 999 535 lustrata
1036 482 1348 536 habitacula
1387 486 1670 537 monstrat.
1817 497 1903 537 245

220 555 429 608 Gaudia
468 573 667 625 magna
704 555 857 624 Magi
896 555 1134 625 gaudent
1173 557 1422 625 sidusque
1463 557 1727 627 salutant,

217 629 294 682 Et
331 632 622 698 postquam
662 647 890 698 puerum
931 629 1108 682 videre
1150 631 1248 683 sub
1287 631 1452 683 ubere
1492 631 1705 700 matris,

218 702 430 756 Deiecti
469 721 641 772 prono
682 705 932 755 texerunt
971 721 1192 773 corpore
1231 707 1434 756 terram

219 775 609 845 Summissique
651 776 811 829 simul
852 780 1140 847 quaesunt3
1178 781 1296 830 tum
1335 796 1558 830 munera
1594 778 1740 830 trina

219 849 352 920 TUS,
392 869 607 917 aurum,
645 850 924 918 myrrham
964 851 1187 920 regique
1225 851 1538 920 hominique
1577 851 1800 921 Deoque
1819 865 1903 905 250

217 923 380 976 Dona
417 924 614 976 ferunt.
693 923 887 976 Totam
925 942 1051 976 mox
1090 924 1311 977 horrida
1351 925 1564 978 somnia
1600 929 1815 978 noctem

222 996 529 1051 Sollicitam:
570 1015 893 1066 saevumque
932 998 1121 1050 iubent
1158 998 1332 1051 vitare
1372 1002 1676 1068 tyrannum.

219 1071 466 1141 Denique
507 1071 731 1124 diversis
770 1070 1003 1124 Herodis
1044 1072 1272 1124 callibus
1312 1073 1492 1125 aulam

218 1144 528 1214 Diffugiunt
565 1146 906 1214 patriamque
944 1143 1096 1214 Magi
1133 1146 1338 1198 rediere
1377 1147 1624 1199 latenter.

293 1217 480 1288 Ipsum
521 1219 687 1271 etiam
724 1236 951 1286 puerum
991 1219 1212 1271 monitis
1253 1220 1568 1272 caelestibus
1609 1223 1761 1273 actus
1822 1234 1906 1273 255

221 1292 538 1363 Aegyptum
578 1311 698 1345 cum
737 1294 912 1344 matre
953 1292 1116 1344 simul
1155 1295 1491 1361 transportat
1529 1293 1742 1362 Ioseph.

218 1364 298 1418 At
335 1367 480 1418 ferus
523 1366 764 1419 Herodes
805 1365 1025 1418 sibimet
1065 1366 1344 1419 succedere
1385 1367 1576 1435 credit,

220 1437 391 1501 Quem
431 1440 635 1493 callens
677 1441 840 1491 astris
881 1441 1183 1508 quaesisset
1222 1459 1347 1492 cura
1385 1440 1685 1510 Magorum.

220 1511 459 1574 Quorum
499 1515 789 1582 praecauto
830 1513 1065 1566 discessu
1105 1513 1434 1566 sollicitatus

219 1586 552 1640 Horribilem
591 1586 751 1638 iussit
790 1586 1039 1639 Bethlem
1078 1605 1175 1656 per
1215 1587 1453 1655 compita
1491 1588 1720 1641 caedem.
1821 1602 1906 1641 260

217 1659 459 1713 Infantes
501 1663 719 1714 cunctos
760 1663 1107 1730 teneramque
1149 1661 1449 1713 sububere
1489 1662 1701 1730 plebem

219 1734 425 1787 Avellit
463 1733 607 1787 ferro
646 1734 797 1786 nullo
839 1735 940 1786 sub
982 1733 1203 1788 crimine
1243 1735 1448 1802 culpae.

218 1807 368 1860 Haec
408 1808 571 1860 etiam
611 1808 796 1861 caedes
838 1807 969 1859 olim
1007 1807 1342 1877 praescripta
1380 1808 1656 1877 manebat,

221 1881 394 1943 Quam
434 1882 607 1934 bonus
645 1879 952 1933 Hieremias
993 1881 1174 1934 divino
1213 1881 1433 1935 numine
1473 1882 1650 1935 iussus

221 1953 561 2024 Complorat‚
603 1954 809 2007 subolis
849 1954 1046 2007 misero
1085 1972 1183 2023 pro
1223 1955 1407 2007 funere
1447 1959 1648 2008 matres
1822 1968 1906 2008 265

220 2028 520 2081 Horrendis
561 2028 801 2097 graviter
841 2029 1050 2080 caelum
1088 2028 1302 2096 pulsare
1342 2029 1611 2097 querellis

220 2102 327 2155 Ast
363 2102 457 2154 ubi
497 2101 706 2170 sopitus
745 2101 898 2154 furor
938 2104 1020 2154 est
1060 2106 1114 2153 et
1153 2120 1314 2154 saeva
1351 2103 1567 2169 tyranni

221 2175 499 2228 Infantum
538 2174 788 2228 horribili
825 2174 1014 2227 feritas
1056 2175 1255 2227 satiata
1294 2193 1504 2244 eruore,

219 2249 534 2302 Extinxisse
574 2252 730 2317 putat
770 2251 1013 2316 cunctOS‚
1054 2266 1188 2317 quos
1229 2267 1365 2300 unus
1407 2251 1460 2300 et
1500 2249 1639 2301 alter

222 2323 410 2376 Annus
450 2323 649 2375 letiferi
688 2322 913 2374 miseros
954 2326 1299 2391 oppresserat
1338 2322 1470 2374 aevi.
1821 2336 1905 2376 270

295 2395 557 2449 Mirandis
597 2414 786 2448 rursus
826 2395 1104 2449 devinctus
1145 2396 1388 2448 membra
1428 2414 1618 2464 sopore

221 2570 340 2614 ΒΜ
349 2571 479 2624 Mat,
523 2568 612 2614 Hic
646 2570 718 2623 Ol,
763 2569 894 2613 Tunc
933 2569 994 2614 V¹
1040 2571 1055 2625 ΙΙ
1103 2573 1189 2613 248
1221 2570 1454 2623 texerunt,
1511 2571 1775 2615 straverunt
1807 2569 1864 2615 0¹
1893 2569 1908 2628 ΙΙ

223 2634 310 2674 250
356 2628 594 2672 murrham
644 2628 713 2684 (3¹,
760 2642 964 2685 myrram
1008 2627 1116 2672 MR
1162 2631 1177 2684 ΙΙ
1224 2632 1307 2671 251
1350 2628 1484 2671 Dona
1522 2629 1677 2673 ferunt
1713 2629 1904 2673 Hieron.

223 2689 395 2733 Matth.
429 2688 464 2730 I
491 2690 544 2742 2,
570 2691 627 2731 11
638 2704 654 2740 ,·
700 2687 887 2732 Alcuin.
923 2686 1052 2742 Offic.
1089 2690 1141 2740 5;
1190 2687 1247 2741 cf.
1282 2687 1430 2731 Prud.
1463 2688 1582 2732 Ditt.
1614 2691 1729 2743 106,
1775 2687 1907 2731 Dona

225 2746 404 2791 dabant
434 2746 703 2801 (Donabant
726 2746 796 2798 M,
827 2746 880 2789 in
903 2759 1044 2803 mary.
1071 2761 1100 2789 a
1123 2759 1243 2790 man.
1255 2750 1373 2801 post.
1407 2745 1542 2791 Dona.
1563 2745 1734 2800 ferunt,
1762 2759 1907 2803 supra

224 2808 250 2852 l.
284 2821 315 2851 a
344 2820 401 2851 m.
433 2805 537 2848 III
580 2805 658 2860 da.)
706 2806 721 2861 ΙΙ
766 2808 853 2848 254
899 2804 1102 2848 latenter
1149 2803 1429 2849 0¹Add.¹·²
1459 2806 1510 2860 T,
1565 2805 1796 2849 laetantes
1845 2804 1924 2854 M,

225 2867 297 2922 (in
326 2877 470 2922 mary.
504 2864 739 2919 latentes),
771 2864 972 2908 latentes
995 2865 1011 2919 ΙΙ
1034 2868 1119 2909 262
1151 2862 1307 2908 Avelli
1333 2864 1395 2907 M
1407 2866 1459 2909 in
1474 2877 1614 2922 mary.
1642 2863 1701 2920 R,
1731 2861 1907 2907 Evellit

223 2926 286 2969 M
305 2925 321 2981 ΙΙ
344 2928 430 2969 269
461 2922 637 2980 primus
668 2922 732 2967 M
