2038 3192
787 135 844 180 V.
878 139 1125 181 521-589.
1724 134 1792 187 73

111 261 240 331 Ipse
279 258 371 313 sed
411 256 715 328 egredienS‚
752 255 847 309 ubi
885 256 1052 309 tertia
1088 258 1312 309 venerat
1348 255 1507 320 hora,

110 333 325 388 Invenit
364 348 482 385 ecce
523 330 659 384 alios
700 330 954 400 operique
994 329 1299 383 adcrescere
1338 330 1521 398 iussit,

111 408 216 461 Pro
254 404 462 459 meritis
502 422 724 474 operum
764 403 1089 474 promittens
1129 403 1374 473 praemia
1413 403 1600 473 digna3

114 481 205 535 Illi
242 496 352 533 non
391 478 554 531 aliter
591 477 720 531 laeti
759 480 1049 548 praecepta
1088 480 1399 546 sequuntur.

108 554 216 607 Ast
251 552 346 606 ubi
386 555 539 605 sexta
577 551 769 605 dehinc
807 551 941 605 lucis
980 551 1368 604 transfluxerat
1404 551 1561 620 hora,
1708 564 1795 606 560

108 627 261 680 Haut
300 644 451 680 secus
491 625 617 679 hinc
656 625 794 678 alios
831 625 1050 678 iuvenes
1091 624 1386 679 conducere
1425 625 1619 695 pergit.

89 701 366 771 *Horaque
403 717 548 753 nona
586 698 779 753 dehinc
818 699 911 751 ubi
955 699 1087 752 solis
1127 699 1372 752 cursibus
1413 702 1536 753 acta
1575 702 1679 767 est,

111 774 262 828 Tunc
302 774 438 827 alios
476 772 680 842 pariter
719 772 1012 826 conductos
1051 772 1208 826 iussit
1248 773 1410 827 adire.

108 847 320 901 Ultima
358 847 593 900 labentis
633 846 880 899 restabat
918 848 1097 915 portio
1139 846 1298 899 lucis:

107 922 377 992 Egressus
417 920 588 975 cernit
625 921 845 974 iuvenes
885 939 1181 990 causasque
1220 919 1470 990 requirit,
1706 932 1791 974 565

111 994 218 1049 Cur
255 995 425 1064 pigris
466 994 716 1048 manibus
755 997 1036 1063 torperent
1075 994 1190 1047 otia
1228 995 1391 1047 lenta.

109 1069 306 1134 Aiunt,
346 1068 691 1122 conductoris
732 1069 874 1138 quod
913 1071 1204 1138 praecepta
1241 1067 1474 1120 fuissent

114 1142 281 1196 Nulla
320 1142 438 1196 sibi.
499 1142 765 1195 Dominus
803 1160 929 1195 mox
968 1142 1069 1196 hos
1109 1141 1358 1195 insistere
1397 1142 1511 1194 ruri

112 1216 262 1269 Tune
302 1216 466 1269 etiam
505 1217 679 1269 iussit.
741 1215 843 1269 Sed
883 1233 1104 1284 vespere
1143 1215 1389 1284 protinus
1429 1218 1550 1268 orto

111 1290 404 1360 Praecipit,
442 1293 505 1343 ut
545 1290 724 1344 cuncti
763 1293 1018 1359 caperent
1055 1289 1315 1342 mercedis
1354 1289 1615 1342 honorem
1712 1302 1799 1343 570

111 1364 449 1433 Aequalique
489 1382 674 1417 omnes
713 1367 995 1432 portarent
1031 1363 1274 1432 praemia
1311 1382 1546 1416 nummo,

111 1437 261 1491 Tunc
302 1455 491 1491 manus
531 1437 628 1490 illa
666 1438 866 1506 virum,
905 1438 1084 1507 prima
1123 1455 1260 1507 quae
1299 1438 1418 1490 luce
1457 1437 1700 1490 laborem

114 1510 420 1565 Sustulerat
456 1510 722 1581 factisque
764 1511 904 1563 diem
944 1511 1274 1564 toleraverat
1314 1529 1567 1581 aequum,

111 1584 410 1655 Indignans
451 1602 629 1637 secum
668 1585 766 1638 tali
806 1603 925 1638 cum
965 1603 1238 1637 murmure
1277 1584 1445 1637 fatur:

110 1657 382 1711 Iniustum
413 1662 518 1727 est,
542 1658 667 1711 istis
701 1658 934 1711 similem
964 1676 1064 1711 nos
1098 1676 1354 1727 quaerere
1385 1676 1688 1729 nummum,
1713 1671 1798 1712 575

111 1731 322 1785 Ultima
361 1750 496 1801 quos
536 1732 714 1801 operis
753 1749 873 1784 sero
913 1732 1264 1785 coniunxerat
1299 1732 1450 1786 hora.

113 1806 250 1858 Tum
291 1805 538 1858 dominus
577 1806 718 1858 ruris
758 1805 944 1858 sedato
982 1810 1199 1876 pectore
1238 1805 1406 1859 fatur:

110 1878 352 1932 Inlibata
389 1879 490 1932 tibi
528 1879 787 1933 mercedis
826 1879 1006 1947 portio
1048 1880 1230 1932 salvae

113 1953 379 2006 Redditur
418 1956 472 2005 et
509 1953 659 2021 pacti
698 1956 983 2006 servantur
1020 1952 1141 2006 iura
1177 1953 1369 2006 fidelis.

112 2026 241 2080 Istis
281 2027 346 2080 de
383 2030 572 2080 nostro
611 2026 772 2080 liceat
811 2027 1099 2080 concedere
1137 2030 1374 2095 tantum,
1712 2041 1798 2082 580

110 2100 335 2154 Extima
374 2118 510 2170 quos
550 2101 728 2170 operis
769 2101 1097 2171 glomeravit
1134 2101 1316 2170 portio
1354 2100 1482 2154 ruri.

110 2172 255 2227 Nam
294 2175 498 2227 multos
536 2174 785 2227 homines
825 2174 1069 2245 dignatio
1110 2179 1299 2229 sancta
1336 2175 1570 2243 vocavit,

112 2248 158 2301 E
199 2247 318 2317 quis
358 2248 735 2317 perminimam
776 2248 998 2318 dignum
1038 2251 1122 2301 est
1159 2266 1434 2302 secernere
1472 2248 1730 2319 partem.“

188 2320 339 2374 Haec
378 2321 456 2374 ait
494 2325 550 2374 et
589 2321 835 2391 Solymos
874 2322 1075 2392 repetit
1114 2322 1442 2392 comitesque
1482 2340 1724 2376 seorsum

111 2394 442 2463 Adloquitur
480 2394 716 2464 solisque
754 2396 953 2449 iterum
991 2396 1305 2467 regionibus
1344 2396 1487 2448 infit:
1714 2408 1798 2450 585

112 2467 494 2538 „Ingredimur
533 2469 691 2540 gnari
727 2470 1138 2540 truculentaque
1176 2471 1390 2523 moenia
1429 2470 1651 2524 adimus.

113 2540 288 2594 Filius
326 2541 415 2595 hic
451 2541 687 2596 hominis
725 2542 984 2611 prodetur
1022 2543 1089 2596 ad
1128 2544 1324 2596 ultima
1361 2544 1579 2614 mortiS‚

117 2613 427 2668 Scribarum
464 2634 852 2686 procerumque
890 2616 1068 2670 ferens
1106 2617 1342 2671 ludibria
1378 2618 1660 2687 membris,

116 2688 448 2758 Adfixusque
488 2691 630 2744 cruci
668 2695 798 2760 post
834 2690 999 2744 tertia
1034 2690 1241 2744 lumina
1279 2692 1514 2762 surget.“

235 2808 321 2849 575
352 2806 406 2849 ut
434 2816 520 2849 nos
553 2804 615 2849 M
641 2807 658 2863 fl
688 2809 775 2851 576
814 2805 1146 2851 coniuncxerat
1178 2806 1235 2851 0¹
1265 2807 1281 2862 ΙΙ
1310 2810 1396 2851 581
1430 2806 1610 2852 Ultima
1639 2805 1802 2851 MRL

118 2861 183 2907 0³
219 2865 236 2921 u
274 2865 360 2908 585
394 2861 594 2919 solisque
629 2864 855 2921 0¹MT*‚
887 2864 1131 2923 solitisque
1163 2864 1468 2920 RMatV¹L‚
1500 2865 1769 2921 solimisque
1795 2864 1803 2923 Ι

112 2921 244 2967 iteris
278 2920 754 2980 MWALT*BMp
