<?xml version="1.0" encoding="UTF-8"?>
<!DOCTYPE html PUBLIC "-//W3C//DTD XHTML 1.0 Transitional//EN"
    "http://www.w3.org/TR/xhtml1/DTD/xhtml1-transitional.dtd">
<html xmlns="http://www.w3.org/1999/xhtml" xml:lang="en" lang="en">
 <head>
  <title>
</title>
<meta http-equiv="Content-Type" content="text/html;charset=utf-8" />
  <meta name='ocr-system' content='tesseract 3.04.00' />
  <meta name='ocr-capabilities' content='ocr_page ocr_carea ocr_par ocr_line ocrx_word'/>
</head>
<body>
  <div class='ocr_page' id='page_1' title='image "./librievangelioru00juveuoft_0114.png"; bbox 0 0 2038 3192; ppageno 0'>
   <div class='ocr_carea' id='block_1_1' title="bbox 228 146 1210 209">
    <p class='ocr_par' dir='ltr' id='par_1_1' title="bbox 228 146 1210 209">
     <span class='ocr_line' id='line_1_1' title="bbox 228 146 1210 209; baseline -0.009 0"><span class='ocrx_word' id='word_1_1' title='bbox 228 155 299 209; x_wconf 87' lang='lat'><strong>92</strong></span> <span class='ocrx_word' id='word_1_2' title='bbox 672 146 676 150; x_wconf 84' lang='grc'><strong>’</strong></span> <span class='ocrx_word' id='word_1_3' title='bbox 922 153 1105 199; x_wconf 78' lang='lat' dir='ltr'>LIBER</span> <span class='ocrx_word' id='word_1_4' title='bbox 1134 153 1210 200; x_wconf 86' lang='lat' dir='ltr'><strong>IV.</strong></span> 
     </span>
    </p>
   </div>
   <div class='ocr_carea' id='block_1_2' title="bbox 228 270 1943 638">
    <p class='ocr_par' dir='ltr' id='par_1_2' title="bbox 228 270 1943 566">
     <span class='ocr_line' id='line_1_2' title="bbox 229 270 1943 345; baseline -0.001 -16"><span class='ocrx_word' id='word_1_5' title='bbox 229 275 524 345; x_wconf 82' lang='lat' dir='ltr'><strong>Praecipit3</strong></span> <span class='ocrx_word' id='word_1_6' title='bbox 564 277 621 327; x_wconf 91' lang='lat' dir='ltr'><strong>at</strong></span> <span class='ocrx_word' id='word_1_7' title='bbox 659 274 909 327; x_wconf 88' lang='lat' dir='ltr'><strong>Marthae</strong></span> <span class='ocrx_word' id='word_1_8' title='bbox 938 270 1075 327; x_wconf 36' lang='lat' dir='ltr'><strong>‘talis</strong></span> <span class='ocrx_word' id='word_1_9' title='bbox 1113 293 1219 327; x_wconf 84' lang='lat' dir='ltr'><strong>vox</strong></span> <span class='ocrx_word' id='word_1_10' title='bbox 1257 274 1509 328; x_wconf 88' lang='lat' dir='ltr'><strong>verberat</strong></span> <span class='ocrx_word' id='word_1_11' title='bbox 1549 292 1727 327; x_wconf 89' lang='lat' dir='ltr'><strong>aures:</strong></span> <span class='ocrx_word' id='word_1_12' title='bbox 1832 285 1943 327; x_wconf 80' lang='grc'><strong>375-</strong></span> 
     </span>
     <span class='ocr_line' id='line_1_3' title="bbox 228 347 1750 418; baseline -0.001 -16"><span class='ocrx_word' id='word_1_13' title='bbox 228 348 531 418; x_wconf 85' lang='lat' dir='ltr'><strong>„Quattuor</strong></span> <span class='ocrx_word' id='word_1_14' title='bbox 571 367 637 401; x_wconf 94' lang='lat' dir='ltr'><strong>en</strong></span> <span class='ocrx_word' id='word_1_15' title='bbox 675 349 822 401; x_wconf 91' lang='lat' dir='ltr'><strong>luces</strong></span> <span class='ocrx_word' id='word_1_16' title='bbox 862 347 1194 417; x_wconf 89' lang='lat' dir='ltr'><strong>totidemque</strong></span> <span class='ocrx_word' id='word_1_17' title='bbox 1235 367 1299 401; x_wconf 87' lang='lat' dir='ltr'><strong>ex</strong></span> <span class='ocrx_word' id='word_1_18' title='bbox 1338 348 1524 401; x_wconf 85' lang='lat' dir='ltr'>ordine</span> <span class='ocrx_word' id='word_1_19' title='bbox 1563 351 1750 401; x_wconf 87' lang='lat' dir='ltr'><strong>noctes</strong></span> 
     </span>
     <span class='ocr_line' id='line_1_4' title="bbox 228 422 1851 491; baseline -0.001 -16"><span class='ocrx_word' id='word_1_20' title='bbox 228 423 605 491; x_wconf 85' lang='lat' dir='ltr'><strong>Praetereunt,</strong></span> <span class='ocrx_word' id='word_1_21' title='bbox 646 440 751 491; x_wconf 92' lang='lat' dir='ltr'><strong>quo</strong></span> <span class='ocrx_word' id='word_1_22' title='bbox 791 422 1036 474; x_wconf 87' lang='lat' dir='ltr'><strong>membra</strong></span> <span class='ocrx_word' id='word_1_23' title='bbox 1075 422 1190 475; x_wconf 91' lang='lat' dir='ltr'><strong>solo</strong></span> <span class='ocrx_word' id='word_1_24' title='bbox 1232 425 1515 491; x_wconf 89' lang='lat' dir='ltr'><strong>composta</strong></span> <span class='ocrx_word' id='word_1_25' title='bbox 1555 422 1851 491; x_wconf 90' lang='lat' dir='ltr'><strong>quiescunt.</strong></span> 
     </span>
     <span class='ocr_line' id='line_1_5' title="bbox 232 495 1529 566; baseline -0.002 -17"><span class='ocrx_word' id='word_1_26' title='bbox 232 496 588 564; x_wconf 82' lang='lat' dir='ltr'><strong>Crediderim,</strong></span> <span class='ocrx_word' id='word_1_27' title='bbox 628 513 821 564; x_wconf 90' lang='lat' dir='ltr'><strong>corpus</strong></span> <span class='ocrx_word' id='word_1_28' title='bbox 861 498 1015 548; x_wconf 89' lang='lat' dir='ltr'><strong>motu</strong></span> <span class='ocrx_word' id='word_1_29' title='bbox 1052 495 1295 566; x_wconf 79' lang='lat' dir='ltr'><strong>fugiente</strong></span> <span class='ocrx_word' id='word_1_30' title='bbox 1336 495 1529 548; x_wconf 89' lang='lat' dir='ltr'><strong>caloris</strong></span> 
     </span>
    </p>

    <p class='ocr_par' dir='ltr' id='par_1_3' title="bbox 229 567 1726 638">
     <span class='ocr_line' id='line_1_6' title="bbox 229 567 1726 638; baseline -0.001 -15"><span class='ocrx_word' id='word_1_31' title='bbox 229 570 482 624; x_wconf 76' lang='lat' dir='ltr'><strong>Fetorem</strong></span> <span class='ocrx_word' id='word_1_32' title='bbox 521 569 778 622; x_wconf 89' lang='lat' dir='ltr'><strong>miserum</strong></span> <span class='ocrx_word' id='word_1_33' title='bbox 816 569 1125 638; x_wconf 70' lang='lat' dir='ltr'><strong>liquefactis</strong></span> <span class='ocrx_word' id='word_1_34' title='bbox 1164 569 1384 622; x_wconf 87' lang='lat' dir='ltr'><strong>reddere</strong></span> <span class='ocrx_word' id='word_1_35' title='bbox 1422 567 1726 622; x_wconf 79' lang='lat' dir='ltr'><strong>membriS.“</strong></span> 
     </span>
    </p>
   </div>
   <div class='ocr_carea' id='block_1_3' title="bbox 233 642 2015 712">
    <p class='ocr_par' dir='ltr' id='par_1_4' title="bbox 233 642 2015 712">
     <span class='ocr_line' id='line_1_7' title="bbox 233 642 2015 712; baseline -0.003 -15"><span class='ocrx_word' id='word_1_36' title='bbox 233 644 336 697; x_wconf 89' lang='lat' dir='ltr'><strong>His</strong></span> <span class='ocrx_word' id='word_1_37' title='bbox 376 643 533 696; x_wconf 92' lang='lat' dir='ltr'><strong>dictis</strong></span> <span class='ocrx_word' id='word_1_38' title='bbox 575 646 762 696; x_wconf 90' lang='lat' dir='ltr'><strong>contra</strong></span> <span class='ocrx_word' id='word_1_39' title='bbox 803 643 1070 712; x_wconf 88' lang='lat' dir='ltr'><strong>depromit</strong></span> <span class='ocrx_word' id='word_1_40' title='bbox 1107 643 1245 696; x_wconf 88' lang='lat' dir='ltr'><strong>talia</strong></span> <span class='ocrx_word' id='word_1_41' title='bbox 1284 642 1559 696; x_wconf 82' lang='lat' dir='ltr'><strong>Christus:</strong></span> <span class='ocrx_word' id='word_1_42' title='bbox 1835 655 1921 695; x_wconf 86' lang='lat'><strong>380</strong></span> <span class='ocrx_word' id='word_1_43' title='bbox 2009 678 2015 691; x_wconf 77' lang='grc'><strong><em>,</em></strong></span> 
     </span>
    </p>
   </div>
   <div class='ocr_carea' id='block_1_4' title="bbox 202 716 1928 2776">
    <p class='ocr_par' dir='ltr' id='par_1_5' title="bbox 202 716 1927 2320">
     <span class='ocr_line' id='line_1_8' title="bbox 210 716 1806 787; baseline -0.001 -17"><span class='ocrx_word' id='word_1_44' title='bbox 210 768 218 775; x_wconf 82' lang='grc'><strong>,</strong></span> <span class='ocrx_word' id='word_1_45' title='bbox 229 717 390 787; x_wconf 87' lang='lat' dir='ltr'><strong>„Iam</strong></span> <span class='ocrx_word' id='word_1_46' title='bbox 428 717 630 770; x_wconf 93' lang='lat' dir='ltr'><strong>totiens</strong></span> <span class='ocrx_word' id='word_1_47' title='bbox 672 716 873 784; x_wconf 72' lang='lat' dir='ltr'><strong>dictum</strong></span> <span class='ocrx_word' id='word_1_48' title='bbox 915 719 1018 786; x_wconf 79' lang='lat' dir='ltr'><strong>est,</strong></span> <span class='ocrx_word' id='word_1_49' title='bbox 1058 716 1271 787; x_wconf 85' lang='lat' dir='ltr'><strong>magnis</strong></span> <span class='ocrx_word' id='word_1_50' title='bbox 1311 717 1607 769; x_wconf 76' lang='lat' dir='ltr'><strong>consistere</strong></span> <span class='ocrx_word' id='word_1_51' title='bbox 1645 716 1806 769; x_wconf 88' lang='lat' dir='ltr'><strong>rebus</strong></span> 
     </span>
     <span class='ocr_line' id='line_1_9' title="bbox 236 790 1613 859; baseline -0.002 -14"><span class='ocrx_word' id='word_1_52' title='bbox 236 791 565 845; x_wconf 82' lang='lat' dir='ltr'><strong>Credentum</strong></span> <span class='ocrx_word' id='word_1_53' title='bbox 604 791 806 844; x_wconf 87' lang='lat' dir='ltr'><strong>virtute</strong></span> <span class='ocrx_word' id='word_1_54' title='bbox 846 791 1032 859; x_wconf 80' lang='lat' dir='ltr'><strong>fidem3&#39;</strong></span> <span class='ocrx_word' id='word_1_55' title='bbox 1069 791 1161 843; x_wconf 90' lang='lat' dir='ltr'><strong>sed</strong></span> <span class='ocrx_word' id='word_1_56' title='bbox 1199 790 1376 859; x_wconf 88' lang='lat' dir='ltr'><strong>gloria</strong></span> <span class='ocrx_word' id='word_1_57' title='bbox 1416 790 1613 843; x_wconf 90' lang='lat' dir='ltr'><strong>summi</strong></span> 
     </span>
     <span class='ocr_line' id='line_1_10' title="bbox 233 862 1629 935; baseline -0.001 -17"><span class='ocrx_word' id='word_1_58' title='bbox 233 864 354 918; x_wconf 88' lang='lat' dir='ltr'><strong>Iam</strong></span> <span class='ocrx_word' id='word_1_59' title='bbox 396 865 658 935; x_wconf 75' lang='lat' dir='ltr'><strong>genitoris</strong></span> <span class='ocrx_word' id='word_1_60' title='bbox 699 865 875 933; x_wconf 83' lang='lat' dir='ltr'><strong>adest,</strong></span> <span class='ocrx_word' id='word_1_61' title='bbox 913 864 1039 916; x_wconf 92' lang='lat' dir='ltr'><strong>fidei</strong></span> <span class='ocrx_word' id='word_1_62' title='bbox 1080 864 1125 916; x_wconf 88' lang='lat' dir='ltr'><strong>si</strong></span> <span class='ocrx_word' id='word_1_63' title='bbox 1163 864 1330 917; x_wconf 92' lang='lat' dir='ltr'><strong>robur</strong></span> <span class='ocrx_word' id='word_1_64' title='bbox 1367 862 1629 919; x_wconf 82' lang='lat' dir='ltr'><strong>habetis.“</strong></span> 
     </span>
     <span class='ocr_line' id='line_1_11' title="bbox 232 937 1763 1007; baseline -0.001 -16"><span class='ocrx_word' id='word_1_65' title='bbox 232 938 383 991; x_wconf 88' lang='lat' dir='ltr'><strong>Haec</strong></span> <span class='ocrx_word' id='word_1_66' title='bbox 421 939 515 991; x_wconf 83' lang='lat' dir='ltr'><strong>ubi</strong></span> <span class='ocrx_word' id='word_1_67' title='bbox 555 938 700 992; x_wconf 87' lang='lat' dir='ltr'><strong>dicta</strong></span> <span class='ocrx_word' id='word_1_68' title='bbox 740 938 887 991; x_wconf 89' lang='lat' dir='ltr'><strong>dedit</strong></span> <span class='ocrx_word' id='word_1_69' title='bbox 926 956 1219 1007; x_wconf 86' lang='lat' dir='ltr'><strong>saxumque</strong></span> <span class='ocrx_word' id='word_1_70' title='bbox 1258 937 1493 990; x_wconf 88' lang='lat' dir='ltr'><strong>immane</strong></span> <span class='ocrx_word' id='word_1_71' title='bbox 1532 937 1763 990; x_wconf 82' lang='lat' dir='ltr'><strong>revulsis</strong></span> 
     </span>
     <span class='ocr_line' id='line_1_12' title="bbox 238 1011 1924 1081; baseline -0.002 -15"><span class='ocrx_word' id='word_1_72' title='bbox 238 1012 498 1066; x_wconf 81' lang='lat' dir='ltr'><strong>Obicibus</strong></span> <span class='ocrx_word' id='word_1_73' title='bbox 539 1012 736 1081; x_wconf 86' lang='lat' dir='ltr'><strong>patuit,</strong></span> <span class='ocrx_word' id='word_1_74' title='bbox 775 1012 950 1065; x_wconf 87' lang='lat' dir='ltr'><strong>virtus</strong></span> <span class='ocrx_word' id='word_1_75' title='bbox 990 1030 1115 1064; x_wconf 87' lang='lat' dir='ltr'><strong>mox</strong></span> <span class='ocrx_word' id='word_1_76' title='bbox 1154 1011 1376 1065; x_wconf 81' lang='lat' dir='ltr'><strong>conscia·</strong></span> <span class='ocrx_word' id='word_1_77' title='bbox 1407 1012 1615 1064; x_wconf 90' lang='lat' dir='ltr'><strong>caelum</strong></span> <span class='ocrx_word' id='word_1_78' title='bbox 1839 1023 1924 1063; x_wconf 84' lang='lat'><strong>385</strong></span> 
     </span>
     <span class='ocr_line' id='line_1_13' title="bbox 239 1085 1534 1156; baseline -0.002 -17"><span class='ocrx_word' id='word_1_79' title='bbox 239 1085 478 1156; x_wconf 82' lang='lat' dir='ltr'><strong>Suspicit</strong></span> <span class='ocrx_word' id='word_1_80' title='bbox 517 1091 572 1138; x_wconf 91' lang='lat' dir='ltr'><strong>et</strong></span> <span class='ocrx_word' id='word_1_81' title='bbox 608 1085 708 1138; x_wconf 90' lang='lat' dir='ltr'><strong>tali</strong></span> <span class='ocrx_word' id='word_1_82' title='bbox 748 1086 1048 1156; x_wconf 83' lang='lat' dir='ltr'><strong>genitorem</strong></span> <span class='ocrx_word' id='word_1_83' title='bbox 1087 1103 1218 1138; x_wconf 82' lang='lat' dir='ltr'><strong>voce</strong></span> <span class='ocrx_word' id='word_1_84' title='bbox 1256 1088 1534 1153; x_wconf 85' lang='lat' dir='ltr'><strong>precatur:</strong></span> 
     </span>
     <span class='ocr_line' id='line_1_14' title="bbox 237 1158 1740 1230; baseline -0.001 -18"><span class='ocrx_word' id='word_1_85' title='bbox 237 1159 520 1229; x_wconf 87' lang='lat' dir='ltr'><strong>„Eximias</strong></span> <span class='ocrx_word' id='word_1_86' title='bbox 562 1162 766 1230; x_wconf 83' lang='lat' dir='ltr'><strong>grates,</strong></span> <span class='ocrx_word' id='word_1_87' title='bbox 808 1159 1036 1229; x_wconf 84' lang='lat' dir='ltr'><strong>genitor,</strong></span> <span class='ocrx_word' id='word_1_88' title='bbox 1074 1159 1200 1226; x_wconf 87' lang='lat' dir='ltr'><strong>tibi,</strong></span> <span class='ocrx_word' id='word_1_89' title='bbox 1241 1162 1446 1228; x_wconf 85' lang='lat' dir='ltr'><strong>sancte,</strong></span> <span class='ocrx_word' id='word_1_90' title='bbox 1485 1158 1740 1227; x_wconf 81' lang='lat' dir='ltr'><strong>fatemur3</strong></span> 
     </span>
     <span class='ocr_line' id='line_1_15' title="bbox 234 1232 1695 1303; baseline -0.001 -17"><span class='ocrx_word' id='word_1_91' title='bbox 234 1234 324 1286; x_wconf 94' lang='lat' dir='ltr'><strong>Me</strong></span> <span class='ocrx_word' id='word_1_92' title='bbox 362 1233 606 1303; x_wconf 90' lang='lat' dir='ltr'><strong>placidus</strong></span> <span class='ocrx_word' id='word_1_93' title='bbox 648 1251 860 1302; x_wconf 89' lang='lat' dir='ltr'><strong>semper</strong></span> <span class='ocrx_word' id='word_1_94' title='bbox 898 1232 1219 1285; x_wconf 86' lang='lat' dir='ltr'><strong>venerandis</strong></span> <span class='ocrx_word' id='word_1_95' title='bbox 1261 1233 1480 1291; x_wconf 87' lang='lat' dir='ltr'><strong>auribus</strong></span> <span class='ocrx_word' id='word_1_96' title='bbox 1521 1233 1695 1300; x_wconf 86' lang='lat' dir='ltr'><strong>audis,</strong></span> 
     </span>
     <span class='ocr_line' id='line_1_16' title="bbox 237 1304 1809 1376; baseline -0.001 -16"><span class='ocrx_word' id='word_1_97' title='bbox 237 1306 343 1361; x_wconf 83' lang='lat' dir='ltr'><strong>Sed</strong></span> <span class='ocrx_word' id='word_1_98' title='bbox 381 1308 612 1376; x_wconf 89' lang='lat' dir='ltr'><strong>populus</strong></span> <span class='ocrx_word' id='word_1_99' title='bbox 653 1324 908 1375; x_wconf 86' lang='lat' dir='ltr'><strong>praesens</strong></span> <span class='ocrx_word' id='word_1_100' title='bbox 950 1323 1033 1358; x_wconf 89' lang='lat' dir='ltr'><strong>me</strong></span> <span class='ocrx_word' id='word_1_101' title='bbox 1075 1305 1300 1358; x_wconf 88' lang='lat' dir='ltr'><strong>missum</strong></span> <span class='ocrx_word' id='word_1_102' title='bbox 1340 1306 1554 1359; x_wconf 89' lang='lat' dir='ltr'><strong>credere</strong></span> <span class='ocrx_word' id='word_1_103' title='bbox 1594 1304 1809 1358; x_wconf 84' lang='lat' dir='ltr'><strong>discat.“</strong></span> 
     </span>
     <span class='ocr_line' id='line_1_17' title="bbox 202 1379 1926 1450; baseline -0.002 -16"><span class='ocrx_word' id='word_1_104' title='bbox 202 1381 385 1450; x_wconf 12' lang='lat' dir='ltr'><strong>‘Haec</strong></span> <span class='ocrx_word' id='word_1_105' title='bbox 423 1381 515 1433; x_wconf 90' lang='lat' dir='ltr'><strong>ubi</strong></span> <span class='ocrx_word' id='word_1_106' title='bbox 557 1380 698 1434; x_wconf 88' lang='lat' dir='ltr'><strong>dicta</strong></span> <span class='ocrx_word' id='word_1_107' title='bbox 738 1380 906 1448; x_wconf 80' lang='lat' dir='ltr'><strong>dedit7</strong></span> <span class='ocrx_word' id='word_1_108' title='bbox 944 1380 1143 1432; x_wconf 90' lang='lat' dir='ltr'><strong>tumuli</strong></span> <span class='ocrx_word' id='word_1_109' title='bbox 1181 1398 1307 1433; x_wconf 87' lang='lat' dir='ltr'><strong>mox</strong></span> <span class='ocrx_word' id='word_1_110' title='bbox 1347 1380 1533 1432; x_wconf 91' lang='lat' dir='ltr'><strong>limine</strong></span> <span class='ocrx_word' id='word_1_111' title='bbox 1572 1380 1630 1432; x_wconf 89' lang='lat' dir='ltr'><strong>in</strong></span> <span class='ocrx_word' id='word_1_112' title='bbox 1666 1379 1787 1449; x_wconf 91' lang='lat' dir='ltr'><strong>ipso</strong></span> <span class='ocrx_word' id='word_1_113' title='bbox 1840 1392 1926 1433; x_wconf 84' lang='lat'><strong>390</strong></span> 
     </span>
     <span class='ocr_line' id='line_1_18' title="bbox 233 1454 1691 1522; baseline -0.001 -14"><span class='ocrx_word' id='word_1_114' title='bbox 233 1454 465 1509; x_wconf 84' lang='lat' dir='ltr'><strong>Restitit</strong></span> <span class='ocrx_word' id='word_1_115' title='bbox 506 1454 733 1507; x_wconf 86' lang='lat' dir='ltr'><strong>adverso</strong></span> <span class='ocrx_word' id='word_1_116' title='bbox 774 1454 1051 1522; x_wconf 88' lang='lat' dir='ltr'><strong>complens</strong></span> <span class='ocrx_word' id='word_1_117' title='bbox 1092 1472 1225 1506; x_wconf 84' lang='lat' dir='ltr'><strong>cava</strong></span> <span class='ocrx_word' id='word_1_118' title='bbox 1265 1472 1394 1506; x_wconf 84' lang='lat' dir='ltr'><strong>saxa</strong></span> <span class='ocrx_word' id='word_1_119' title='bbox 1434 1454 1691 1507; x_wconf 85' lang='lat' dir='ltr'><strong>clamore:</strong></span> 
     </span>
     <span class='ocr_line' id='line_1_19' title="bbox 235 1527 1637 1598; baseline -0.002 -16"><span class='ocrx_word' id='word_1_120' title='bbox 235 1529 499 1598; x_wconf 87' lang='lat' dir='ltr'><strong>„Lazare,</strong></span> <span class='ocrx_word' id='word_1_121' title='bbox 540 1528 733 1598; x_wconf 88' lang='lat' dir='ltr'><strong>sopitis</strong></span> <span class='ocrx_word' id='word_1_122' title='bbox 773 1527 1088 1580; x_wconf 90' lang='lat' dir='ltr'><strong>redeuntem</strong></span> <span class='ocrx_word' id='word_1_123' title='bbox 1128 1527 1340 1597; x_wconf 90' lang='lat' dir='ltr'><strong>suscipe</strong></span> <span class='ocrx_word' id='word_1_124' title='bbox 1380 1527 1637 1580; x_wconf 88' lang='lat' dir='ltr'><strong>membris</strong></span> 
     </span>
     <span class='ocr_line' id='line_1_20' title="bbox 237 1598 1846 1672; baseline -0.001 -17"><span class='ocrx_word' id='word_1_125' title='bbox 237 1603 325 1656; x_wconf 89' lang='lat' dir='ltr'><strong>En</strong></span> <span class='ocrx_word' id='word_1_126' title='bbox 368 1602 604 1655; x_wconf 90' lang='lat' dir='ltr'><strong>animam</strong></span> <span class='ocrx_word' id='word_1_127' title='bbox 644 1605 811 1672; x_wconf 90' lang='lat' dir='ltr'><strong>tuque</strong></span> <span class='ocrx_word' id='word_1_128' title='bbox 850 1601 966 1670; x_wconf 89' lang='lat' dir='ltr'><strong>ipse</strong></span> <span class='ocrx_word' id='word_1_129' title='bbox 1003 1600 1152 1653; x_wconf 88' lang='lat' dir='ltr'><strong>foras</strong></span> <span class='ocrx_word' id='word_1_130' title='bbox 1191 1604 1472 1670; x_wconf 23' lang='lat' dir='ltr'><strong>te-prome</strong></span> <span class='ocrx_word' id='word_1_131' title='bbox 1513 1598 1846 1670; x_wconf 80' lang='lat' dir='ltr'><strong>sepulchr0.“</strong></span> 
     </span>
     <span class='ocr_line' id='line_1_21' title="bbox 238 1674 1720 1744; baseline -0.002 -15"><span class='ocrx_word' id='word_1_132' title='bbox 238 1675 355 1730; x_wconf 92' lang='lat' dir='ltr'><strong>Nec</strong></span> <span class='ocrx_word' id='word_1_133' title='bbox 393 1694 545 1729; x_wconf 89' lang='lat' dir='ltr'><strong>mora</strong></span> <span class='ocrx_word' id='word_1_134' title='bbox 585 1676 800 1729; x_wconf 86' lang='lat' dir='ltr'><strong>conexis</strong></span> <span class='ocrx_word' id='word_1_135' title='bbox 839 1675 1091 1727; x_wconf 89' lang='lat' dir='ltr'><strong>manibus</strong></span> <span class='ocrx_word' id='word_1_136' title='bbox 1129 1674 1464 1744; x_wconf 91' lang='lat' dir='ltr'><strong>pedibusque</strong></span> <span class='ocrx_word' id='word_1_137' title='bbox 1501 1677 1720 1744; x_wconf 88' lang='lat' dir='ltr'><strong>repente</strong></span> 
     </span>
     <span class='ocr_line' id='line_1_22' title="bbox 237 1748 1922 1818; baseline -0.002 -15"><span class='ocrx_word' id='word_1_138' title='bbox 237 1750 492 1803; x_wconf 88' lang='lat' dir='ltr'><strong>Procedit</strong></span> <span class='ocrx_word' id='word_1_139' title='bbox 529 1749 764 1818; x_wconf 80' lang='lat' dir='ltr'><strong>tumulo,</strong></span> <span class='ocrx_word' id='word_1_140' title='bbox 802 1749 1014 1801; x_wconf 86' lang='lat' dir='ltr'><strong>vultum</strong></span> <span class='ocrx_word' id='word_1_141' title='bbox 1055 1749 1139 1801; x_wconf 91' lang='lat' dir='ltr'><strong>cui</strong></span> <span class='ocrx_word' id='word_1_142' title='bbox 1177 1748 1322 1801; x_wconf 90' lang='lat' dir='ltr'><strong>linea</strong></span> <span class='ocrx_word' id='word_1_143' title='bbox 1360 1750 1511 1800; x_wconf 85' lang='lat' dir='ltr'><strong>texta</strong></span> <span class='ocrx_word' id='word_1_144' title='bbox 1837 1760 1922 1801; x_wconf 87' lang='lat'><strong>395</strong></span> 
     </span>
     <span class='ocr_line' id='line_1_23' title="bbox 238 1821 1524 1893; baseline -0.002 -16"><span class='ocrx_word' id='word_1_145' title='bbox 238 1823 314 1879; x_wconf 84' lang='lat' dir='ltr'><strong>Et</strong></span> <span class='ocrx_word' id='word_1_146' title='bbox 352 1827 529 1877; x_wconf 88' lang='lat' dir='ltr'><strong>totum</strong></span> <span class='ocrx_word' id='word_1_147' title='bbox 571 1823 790 1893; x_wconf 86' lang='lat' dir='ltr'><strong>gracilis</strong></span> <span class='ocrx_word' id='word_1_148' title='bbox 832 1822 1064 1875; x_wconf 88' lang='lat' dir='ltr'><strong>conectit</strong></span> <span class='ocrx_word' id='word_1_149' title='bbox 1102 1821 1274 1875; x_wconf 88' lang='lat' dir='ltr'><strong>fascia</strong></span> <span class='ocrx_word' id='word_1_150' title='bbox 1314 1840 1524 1891; x_wconf 77' lang='lat' dir='ltr'><strong>corpus,</strong></span> 
     </span>
     <span class='ocr_line' id='line_1_24' title="bbox 241 1895 1681 1963; baseline -0.002 -13"><span class='ocrx_word' id='word_1_151' title='bbox 241 1897 380 1950; x_wconf 86' lang='lat' dir='ltr'><strong>Tum</strong></span> <span class='ocrx_word' id='word_1_152' title='bbox 420 1897 559 1950; x_wconf 84' lang='lat' dir='ltr'><strong>solvi</strong></span> <span class='ocrx_word' id='word_1_153' title='bbox 596 1897 758 1949; x_wconf 88' lang='lat' dir='ltr'><strong>iussit</strong></span> <span class='ocrx_word' id='word_1_154' title='bbox 796 1897 1105 1963; x_wconf 84' lang='lat' dir='ltr'><strong>laetumque</strong></span> <span class='ocrx_word' id='word_1_155' title='bbox 1147 1896 1214 1948; x_wconf 89' lang='lat' dir='ltr'><strong>ad</strong></span> <span class='ocrx_word' id='word_1_156' title='bbox 1253 1898 1397 1948; x_wconf 87' lang='lat' dir='ltr'><strong>tecta</strong></span> <span class='ocrx_word' id='word_1_157' title='bbox 1434 1895 1681 1948; x_wconf 91' lang='lat' dir='ltr'><strong>remittit.</strong></span> 
     </span>
     <span class='ocr_line' id='line_1_25' title="bbox 239 1969 1632 2040; baseline -0.002 -16"><span class='ocrx_word' id='word_1_158' title='bbox 239 1971 428 2024; x_wconf 89' lang='lat' dir='ltr'><strong>Iudaei</strong></span> <span class='ocrx_word' id='word_1_159' title='bbox 465 1973 754 2040; x_wconf 87' lang='lat' dir='ltr'><strong>postquam</strong></span> <span class='ocrx_word' id='word_1_160' title='bbox 794 1969 998 2022; x_wconf 86' lang='lat' dir='ltr'><strong>factum</strong></span> <span class='ocrx_word' id='word_1_161' title='bbox 1037 1969 1343 2022; x_wconf 84' lang='lat' dir='ltr'><strong>venerabile</strong></span> <span class='ocrx_word' id='word_1_162' title='bbox 1383 1973 1632 2038; x_wconf 82' lang='lat' dir='ltr'><strong>cernunt,</strong></span> 
     </span>
     <span class='ocr_line' id='line_1_26' title="bbox 245 2042 1706 2112; baseline -0.002 -15"><span class='ocrx_word' id='word_1_163' title='bbox 245 2044 349 2107; x_wconf 84' lang='lat' dir='ltr'><strong>Qui</strong></span> <span class='ocrx_word' id='word_1_164' title='bbox 389 2045 533 2097; x_wconf 90' lang='lat' dir='ltr'><strong>tanti</strong></span> <span class='ocrx_word' id='word_1_165' title='bbox 571 2043 800 2096; x_wconf 90' lang='lat' dir='ltr'><strong>Mariam</strong></span> <span class='ocrx_word' id='word_1_166' title='bbox 839 2043 1057 2095; x_wconf 85' lang='lat' dir='ltr'><strong>fuerant</strong></span> <span class='ocrx_word' id='word_1_167' title='bbox 1093 2042 1474 2110; x_wconf 87' lang='lat' dir='ltr'><strong>Marthamque</strong></span> <span class='ocrx_word' id='word_1_168' title='bbox 1514 2043 1706 2112; x_wconf 88' lang='lat' dir='ltr'><strong>secuti,</strong></span> 
     </span>
     <span class='ocr_line' id='line_1_27' title="bbox 244 2115 1927 2186; baseline -0.002 -15"><span class='ocrx_word' id='word_1_169' title='bbox 244 2118 380 2171; x_wconf 89' lang='lat' dir='ltr'><strong>Pars</strong></span> <span class='ocrx_word' id='word_1_170' title='bbox 421 2118 642 2171; x_wconf 88' lang='lat' dir='ltr'><strong>credens</strong></span> <span class='ocrx_word' id='word_1_171' title='bbox 684 2118 928 2186; x_wconf 87' lang='lat' dir='ltr'><strong>sequitur</strong></span> <span class='ocrx_word' id='word_1_172' title='bbox 965 2119 1150 2169; x_wconf 87' lang='lat' dir='ltr'><strong>tantae</strong></span> <span class='ocrx_word' id='word_1_173' title='bbox 1189 2116 1406 2168; x_wconf 79' lang='lat' dir='ltr'><strong>virtutis</strong></span> <span class='ocrx_word' id='word_1_174' title='bbox 1445 2115 1730 2184; x_wconf 82' lang='lat' dir='ltr'><strong>honorem3</strong></span> <span class='ocrx_word' id='word_1_175' title='bbox 1842 2128 1927 2168; x_wconf 88' lang='grc'><strong>400</strong></span> 
     </span>
     <span class='ocr_line' id='line_1_28' title="bbox 246 2189 1714 2260; baseline -0.003 -15"><span class='ocrx_word' id='word_1_176' title='bbox 246 2191 353 2245; x_wconf 88' lang='lat' dir='ltr'><strong>Ast</strong></span> <span class='ocrx_word' id='word_1_177' title='bbox 394 2192 487 2260; x_wconf 84' lang='lat' dir='ltr'><strong>alii</strong></span> <span class='ocrx_word' id='word_1_178' title='bbox 525 2194 777 2260; x_wconf 89' lang='lat' dir='ltr'><strong>repetunt</strong></span> <span class='ocrx_word' id='word_1_179' title='bbox 814 2191 1000 2243; x_wconf 90' lang='lat' dir='ltr'><strong>urbem</strong></span> <span class='ocrx_word' id='word_1_180' title='bbox 1042 2207 1428 2259; x_wconf 89' lang='lat' dir='ltr'><strong>procerumque</strong></span> <span class='ocrx_word' id='word_1_181' title='bbox 1470 2189 1714 2257; x_wconf 91' lang='lat' dir='ltr'><strong>superbis</strong></span> 
     </span>
     <span class='ocr_line' id='line_1_29' title="bbox 249 2263 1604 2320; baseline -0.004 -1"><span class='ocrx_word' id='word_1_182' title='bbox 249 2265 457 2320; x_wconf 84' lang='lat' dir='ltr'><strong>Cuncta</strong></span> <span class='ocrx_word' id='word_1_183' title='bbox 494 2265 805 2318; x_wconf 87' lang='lat' dir='ltr'><strong>Pharisaeis</strong></span> <span class='ocrx_word' id='word_1_184' title='bbox 844 2282 1025 2316; x_wconf 90' lang='lat' dir='ltr'><strong>rerum</strong></span> <span class='ocrx_word' id='word_1_185' title='bbox 1065 2263 1326 2315; x_wconf 87' lang='lat' dir='ltr'><strong>miracula</strong></span> <span class='ocrx_word' id='word_1_186' title='bbox 1362 2266 1604 2315; x_wconf 88' lang='lat' dir='ltr'><strong>narrant.</strong></span> 
     </span>
    </p>

    <p class='ocr_par' dir='ltr' id='par_1_6' title="bbox 241 2337 1928 2776">
     <span class='ocr_line' id='line_1_30' title="bbox 318 2337 1734 2409; baseline -0.002 -17"><span class='ocrx_word' id='word_1_187' title='bbox 318 2340 469 2409; x_wconf 88' lang='lat' dir='ltr'><strong>Ergo</strong></span> <span class='ocrx_word' id='word_1_188' title='bbox 510 2339 578 2392; x_wconf 90' lang='lat' dir='ltr'><strong>ad</strong></span> <span class='ocrx_word' id='word_1_189' title='bbox 618 2338 899 2392; x_wconf 88' lang='lat' dir='ltr'><strong>concilium</strong></span> <span class='ocrx_word' id='word_1_190' title='bbox 940 2337 1146 2390; x_wconf 87' lang='lat' dir='ltr'><strong>scribae</strong></span> <span class='ocrx_word' id='word_1_191' title='bbox 1185 2337 1467 2406; x_wconf 90' lang='lat' dir='ltr'><strong>plebisque</strong></span> <span class='ocrx_word' id='word_1_192' title='bbox 1506 2341 1734 2389; x_wconf 86' lang='lat' dir='ltr'><strong>vocatur</strong></span> 
     </span>
     <span class='ocr_line' id='line_1_31' title="bbox 243 2410 1751 2482; baseline -0.002 -17"><span class='ocrx_word' id='word_1_193' title='bbox 243 2412 365 2466; x_wconf 86' lang='lat' dir='ltr'><strong>Iam</strong></span> <span class='ocrx_word' id='word_1_194' title='bbox 404 2413 621 2482; x_wconf 88' lang='lat' dir='ltr'><strong>gravior</strong></span> <span class='ocrx_word' id='word_1_195' title='bbox 658 2429 934 2479; x_wconf 74' lang='lat' dir='ltr'><strong>numeru3‚</strong></span> <span class='ocrx_word' id='word_1_196' title='bbox 975 2430 1082 2479; x_wconf 90' lang='lat' dir='ltr'><strong>qua</strong></span> <span class='ocrx_word' id='word_1_197' title='bbox 1119 2414 1306 2463; x_wconf 85' lang='lat' dir='ltr'><strong>vatum</strong></span> <span class='ocrx_word' id='word_1_198' title='bbox 1345 2410 1599 2479; x_wconf 88' lang='lat' dir='ltr'><strong>principis</strong></span> <span class='ocrx_word' id='word_1_199' title='bbox 1641 2411 1751 2463; x_wconf 89' lang='lat' dir='ltr'><strong>alte</strong></span> 
     </span>
     <span class='ocr_line' id='line_1_32' title="bbox 241 2483 1928 2555; baseline -0.001 -16"><span class='ocrx_word' id='word_1_200' title='bbox 241 2486 479 2540; x_wconf 89' lang='lat' dir='ltr'><strong>Pulchra</strong></span> <span class='ocrx_word' id='word_1_201' title='bbox 517 2485 823 2555; x_wconf 84' lang='lat' dir='ltr'><strong>Caiphaeae</strong></span> <span class='ocrx_word' id='word_1_202' title='bbox 863 2485 1148 2538; x_wconf 87' lang='lat' dir='ltr'><strong>conlucent</strong></span> <span class='ocrx_word' id='word_1_203' title='bbox 1189 2485 1329 2536; x_wconf 89' lang='lat' dir='ltr'><strong>atria</strong></span> <span class='ocrx_word' id='word_1_204' title='bbox 1367 2483 1524 2536; x_wconf 81' lang='lat' dir='ltr'><strong>sedis,</strong></span> <span class='ocrx_word' id='word_1_205' title='bbox 1842 2495 1928 2538; x_wconf 86' lang='lat'><strong>405</strong></span> 
     </span>
     <span class='ocr_line' id='line_1_33' title="bbox 244 2554 1605 2628; baseline -0.003 -15"><span class='ocrx_word' id='word_1_206' title='bbox 244 2559 369 2614; x_wconf 88' lang='lat' dir='ltr'><strong>Illic</strong></span> <span class='ocrx_word' id='word_1_207' title='bbox 409 2560 734 2628; x_wconf 87' lang='lat' dir='ltr'><strong>complacuit</strong></span> <span class='ocrx_word' id='word_1_208' title='bbox 774 2554 1051 2613; x_wconf 83' lang='lat' dir='ltr'><strong>Christum</strong></span> <span class='ocrx_word' id='word_1_209' title='bbox 1091 2560 1433 2627; x_wconf 90' lang='lat' dir='ltr'><strong>prosternere</strong></span> <span class='ocrx_word' id='word_1_210' title='bbox 1473 2558 1605 2626; x_wconf 81' lang='lat' dir='ltr'><strong>leto,</strong></span> 
     </span>
     <span class='ocr_line' id='line_1_34' title="bbox 246 2630 1627 2702; baseline -0.003 -16"><span class='ocrx_word' id='word_1_211' title='bbox 246 2633 353 2687; x_wconf 82' lang='lat' dir='ltr'><strong>Sed</strong></span> <span class='ocrx_word' id='word_1_212' title='bbox 393 2634 569 2686; x_wconf 85' lang='lat' dir='ltr'><strong>vitare</strong></span> <span class='ocrx_word' id='word_1_213' title='bbox 610 2633 722 2685; x_wconf 91' lang='lat' dir='ltr'><strong>dies</strong></span> <span class='ocrx_word' id='word_1_214' title='bbox 762 2631 1017 2702; x_wconf 82' lang='lat' dir='ltr'><strong>paschae,</strong></span> <span class='ocrx_word' id='word_1_215' title='bbox 1055 2650 1123 2683; x_wconf 93' lang='lat' dir='ltr'><strong>ne</strong></span> <span class='ocrx_word' id='word_1_216' title='bbox 1162 2631 1319 2700; x_wconf 91' lang='lat' dir='ltr'><strong>plebe</strong></span> <span class='ocrx_word' id='word_1_217' title='bbox 1357 2630 1627 2700; x_wconf 89' lang='lat' dir='ltr'><strong>frequenti</strong></span> 
     </span>
     <span class='ocr_line' id='line_1_35' title="bbox 243 2705 1622 2776; baseline -0.003 -16"><span class='ocrx_word' id='word_1_218' title='bbox 243 2706 533 2762; x_wconf 87' lang='lat' dir='ltr'><strong>Discordes</strong></span> <span class='ocrx_word' id='word_1_219' title='bbox 573 2707 760 2776; x_wconf 90' lang='lat' dir='ltr'><strong>populi</strong></span> <span class='ocrx_word' id='word_1_220' title='bbox 800 2709 1054 2775; x_wconf 87' lang='lat' dir='ltr'><strong>raperent</strong></span> <span class='ocrx_word' id='word_1_221' title='bbox 1090 2706 1147 2757; x_wconf 88' lang='lat' dir='ltr'><strong>in</strong></span> <span class='ocrx_word' id='word_1_222' title='bbox 1188 2705 1333 2757; x_wconf 89' lang='lat' dir='ltr'><strong>bella</strong></span> <span class='ocrx_word' id='word_1_223' title='bbox 1371 2705 1622 2757; x_wconf 90' lang='lat' dir='ltr'><strong>furorem.</strong></span> 
     </span>
    </p>
   </div>
   <div class='ocr_carea' id='block_1_5' title="bbox 247 2877 1931 2997">
    <p class='ocr_par' dir='ltr' id='par_1_7' title="bbox 247 2877 1931 2997">
     <span class='ocr_line' id='line_1_36' title="bbox 370 2877 1931 2936; baseline -0.003 -11"><span class='ocrx_word' id='word_1_224' title='bbox 370 2885 456 2926; x_wconf 88' lang='grc'><strong>391</strong></span> <span class='ocrx_word' id='word_1_225' title='bbox 489 2881 692 2925; x_wconf 85' lang='lat' dir='ltr'><strong>clamore</strong></span> <span class='ocrx_word' id='word_1_226' title='bbox 728 2879 779 2933; x_wconf 86' lang='grc' dir='ltr'><strong>Ο,</strong></span> <span class='ocrx_word' id='word_1_227' title='bbox 813 2891 980 2924; x_wconf 87' lang='lat' dir='ltr'><strong>canore</strong></span> <span class='ocrx_word' id='word_1_228' title='bbox 1011 2879 1133 2923; x_wconf 81' lang='lat' dir='ltr'><strong>editt.</strong></span> <span class='ocrx_word' id='word_1_229' title='bbox 1160 2881 1283 2935; x_wconf 83' lang='grc'>11392</span> <span class='ocrx_word' id='word_1_230' title='bbox 1317 2877 1481 2935; x_wconf 81' lang='lat' dir='ltr'><strong>sopitis</strong></span> <span class='ocrx_word' id='word_1_231' title='bbox 1513 2891 1628 2923; x_wconf 81' lang='lat' dir='ltr'><strong>corr.</strong></span> <span class='ocrx_word' id='word_1_232' title='bbox 1659 2891 1714 2923; x_wconf 79' lang='lat' dir='ltr'><strong>ex</strong></span> <span class='ocrx_word' id='word_1_233' title='bbox 1743 2877 1931 2936; x_wconf 80' lang='lat' dir='ltr'><strong>sospiti—</strong></span> 
     </span>
     <span class='ocr_line' id='line_1_37' title="bbox 247 2937 1797 2997; baseline -0.003 -13"><span class='ocrx_word' id='word_1_234' title='bbox 247 2940 335 2985; x_wconf 84' lang='lat' dir='ltr'><strong>bus</strong></span> <span class='ocrx_word' id='word_1_235' title='bbox 369 2940 426 2986; x_wconf 82' lang='lat' dir='ltr'><strong>G¹</strong></span> <span class='ocrx_word' id='word_1_236' title='bbox 448 2941 464 2997; x_wconf 82' lang='grc' dir='ltr'><strong>ΙΙ</strong></span> <span class='ocrx_word' id='word_1_237' title='bbox 487 2944 575 2985; x_wconf 87' lang='grc'><strong>400</strong></span> <span class='ocrx_word' id='word_1_238' title='bbox 608 2940 795 2984; x_wconf 80' lang='lat' dir='ltr'><strong>sanctae</strong></span> <span class='ocrx_word' id='word_1_239' title='bbox 829 2938 942 2982; x_wconf 87' lang='lat' dir='ltr'><strong>MT</strong></span> <span class='ocrx_word' id='word_1_240' title='bbox 957 2937 1232 2995; x_wconf 72' lang='lat' dir='ltr'><strong>V¹Add189</strong></span> <span class='ocrx_word' id='word_1_241' title='bbox 1255 2940 1271 2994; x_wconf 89' lang='grc' dir='ltr'><strong>ΙΙ</strong></span> <span class='ocrx_word' id='word_1_242' title='bbox 1294 2943 1380 2982; x_wconf 83' lang='lat'><strong>405</strong></span> <span class='ocrx_word' id='word_1_243' title='bbox 1410 2937 1654 2994; x_wconf 85' lang='lat' dir='ltr'><strong>phariseae</strong></span> <span class='ocrx_word' id='word_1_244' title='bbox 1687 2937 1797 2981; x_wconf 90' lang='lat' dir='ltr'><strong>ML</strong></span> 
     </span>
    </p>
   </div>
  </div>
 </body>
</html>
