2038 3192
843 162 897 206 v.
931 167 1178 208 206—‘262
1776 161 1845 214 37

163 283 241 337 At
281 283 600 352 quicumque
637 282 761 351 piae
800 282 976 335 tenuit
1016 282 1251 353 vestigia
1289 283 1456 351 vitae,
1763 294 1847 335 240

161 357 249 411 Ad
286 357 519 409 medium
559 358 819 425 properat
858 356 1138 425 lucemque
1176 357 1438 410 nitescere
1479 356 1702 427 gaudet,

163 430 452 500 Splendeat
490 432 552 482 ut
591 429 752 482 claris
791 429 1012 482 virtutis
1054 429 1231 501 gloria
1267 428 1472 484 factiS.“

237 503 368 556 Inde
409 502 706 556 Galilaeam
746 502 944 572 repetit
982 506 1228 556 servator
1265 503 1431 557 Iesus.

159 578 498 631 Praeteriens
540 577 629 630 sed
669 576 811 629 forte
850 576 998 630 venit
1039 575 1363 630 Samaritida
1403 576 1610 632 Sichen.

162 651 284 704 Illic
320 650 517 703 fundus
558 653 699 719 erat,
736 649 900 703 Iacob
943 650 1006 703 de
1044 651 1262 704 nomine
1301 651 1510 721 pollens
1522 693 1536 720 ‚
1762 664 1846 704 245

161 724 236 778 Et
274 727 470 795 puteus
511 723 690 794 gelido
732 723 1007 777 demersus
1047 724 1104 776 in
1145 724 1332 777 abdita
1369 725 1534 777 fonte.

164 797 390 852 Sederat
427 797 516 850 hic
553 797 741 867 rapido
783 798 1025 851 salvator
1065 798 1292 851 anhelus
1332 798 1389 850 in
1429 801 1604 868 aestu,

160 871 534 940 Discipulique
574 889 724 924 escas
763 875 1065 925 mercantes
1109 872 1392 926 moenibus
1431 872 1582 924 urbis

159 945 372 998 Passim
412 945 640 1014 dispersi
680 945 855 999 solum
894 946 1097 1015 liquere
1137 946 1479 1015 magistrum.

160 1018 445 1072 Moenibus
486 1018 766 1088 egrediens
808 1017 1094 1072 Samaritis
1133 1020 1336 1072 femina
1374 1019 1523 1072 venit
1764 1034 1848 1074 250

163 1092 463 1146 Hauritura
502 1093 645 1146 cavis
684 1093 836 1162 putei
873 1093 1242 1163 penetralibus
1282 1093 1472 1147 undas,

161 1166 269 1219 Olli
309 1165 558 1220 Christus
599 1166 698 1219 ait:
737 1166 981 1237 „Laticis
1022 1168 1112 1236 da,
1151 1166 1374 1237 femina,
1413 1167 1644 1236 potum“

160 1239 511 1309 Respondens
551 1241 769 1293 mulier:
808 1240 1047 1310 „Mirum
1086 1241 1222 1293 mihi
1258 1241 1552 1311 praecipiS‚
1591 1241 1789 1311 inquit,

161 1313 239 1367 Ut
276 1314 379 1367 tibi
417 1313 618 1367 Iudaeo
644 1314 858 1368 „mulier
898 1313 1220 1368 Samaritica
1258 1318 1446 1384 potum

159 1387 493 1457 Dispernens
532 1390 775 1441 veterum
816 1386 1147 1441 Samaritum
1187 1389 1336 1441 iussa
1374 1389 1723 1443 ministrem.“
1764 1403 1848 1443 255

162 1460 299 1514 Tum
341 1464 584 1515 servator
624 1462 722 1515 ait:
761 1461 1022 1531 „Domini
1063 1463 1109 1515 si
1149 1480 1374 1515 munera
1411 1481 1621 1528 nosses,

159 1533 236 1587 Et
275 1536 393 1605 quis
433 1538 488 1588 te
529 1535 716 1588 sitiens
755 1535 998 1606 putealia
1034 1537 1229 1604 pocula
1267 1539 1483 1606 poscat,

163 1607 246 1661 Tu
284 1610 467 1678 potius
507 1612 742 1678 peteres,
781 1610 962 1663 vivam
1002 1610 1103 1662 tibi
1142 1610 1382 1663 traderet
1418 1610 1665 1665 undam.“

163 1681 271 1735 Illa
312 1683 412 1735 sub
451 1682 606 1736 haec:
644 1682 884 1752 „Puteus
926 1683 1192 1753 gremium
1234 1683 1482 1737 sinuatur
1520 1685 1578 1737 in
1617 1685 1812 1755 altum,

161 1754 368 1809 Urceus
410 1759 493 1808 est
530 1756 714 1809 nullus
753 1774 851 1809 nec
891 1760 1018 1810 sunt
1056 1757 1159 1810 tibi
1197 1758 1413 1810 vincula
1450 1757 1619 1827 funis3
1762 1774 1849 1813 260

159 1827 316 1882 Unde
355 1829 526 1900 igitur
563 1830 769 1899 poteris
809 1830 1010 1884 undam
1049 1831 1185 1883 mihi
1223 1831 1436 1884 tradere
1476 1832 1693 1886 vivam‘?

161 1901 307 1955 Num
344 1906 405 1955 tu
443 1903 618 1956 maior
657 1904 761 1956 eris
801 1905 975 1957 nostri
1012 1905 1214 1957 virtute
1252 1906 1530 1973 parentis?

160 1976 320 2029 Hunc
356 1976 519 2030 Iacob
560 1977 758 2030 etenim
797 1981 1022 2047 puteum
1062 1997 1182 2032 cum
1221 1979 1375 2048 prole
1414 1980 1656 2050 bibebat,

159 2050 236 2102 Et
274 2051 524 2120 proprios
565 2051 670 2104 huc
712 2069 870 2122 saepe
911 2069 1104 2123 greges
1145 2052 1214 2105 ad
1251 2053 1446 2121 pocula
1485 2054 1683 2108 duxit.“

160 2122 268 2177 Olli
306 2124 584 2193 respondit
623 2125 810 2178 mundi
848 2131 1108 2197 regnator
1147 2126 1322 2179 Iesus:
1762 2143 1854 2183 265

158 2197 280 2266 „Ex
318 2198 425 2250 ista
463 2199 618 2267 plene
658 2200 841 2252 nullus
882 2200 1174 2253 satiabitur
1212 2200 1377 2269 unda,

160 2271 299 2338 Nam
339 2290 527 2325 rursus
567 2273 737 2342 sitiet3
778 2274 870 2326 sed
908 2275 1083 2327 nostri
1124 2274 1264 2327 dona
1302 2275 1528 2344 liquoris

280 2391 366 2431 243
399 2386 618 2434 Servator
636 2388 691 2433 0¹
710 2388 966 2445 V¹**Add,
999 2389 1217 2435 Salvator
1239 2391 1256 2447 ΙΙ
1278 2394 1365 2435 244
1392 2388 1561 2437 Sichen
1579 2391 1649 2446 0¹,
1683 2391 1851 2438 Sichae

163 2473 272 2518 MR
286 2474 361 2528 V1,
394 2475 578 2521 Sichem
619 2476 686 2521 V²
717 2449 925 2535 (medem)
957 2478 1067 2524 Mat
1097 2479 1192 2524 Ber
1229 2481 1245 2536 [Ι
1284 2483 1371 2524 245
1403 2480 1542 2525 Iacob
1574 2481 1631 2525 de
1666 2479 1735 2536 0¹,
1776 2481 1848 2526 Ia-

165 2532 270 2577 cobi
301 2533 371 2590 M,
414 2535 552 2580 Iacob
585 2537 861 2595 cognomine
892 2537 939 2581 R
977 2540 992 2595 ΙΙ
1031 2542 1116 2582 247
1151 2539 1358 2584 salvator
1392 2538 1568 2595 0¹R**,
1602 2540 1811 2585 servator
1834 2540 1850 2598 Η

156 2596 263 2648 post
294 2596 379 2637 252
412 2593 600 2640 additus
630 2601 692 2641 est
722 2597 796 2642 hic
825 2611 887 2643 v.:
927 2596 1063 2640 Illam
1098 2597 1312 2655 deposcit
1341 2600 1504 2655 potum
1539 2598 1630 2644 sibi
1660 2599 1848 2643 tradere
1882 2618 1886 2621 ¹

166 2648 376 2695 Christus
411 2651 481 2707 0¹,
523 2655 682 2699 ordine
719 2656 897 2700 inverso
935 2670 976 2702 v.
1009 2657 1150 2715 252s3
1183 2658 1395 2715 leyuntur
1425 2659 1478 2702 in
1514 2657 1588 2702 V1·
1601 2657 1633 2714 ²,
1680 2671 1720 2702 v.
1753 2660 1849 2704 252

160 2710 283 2753 solus
322 2711 489 2766 leyitur
525 2713 579 2756 in
608 2713 749 2770 Rom,
796 2716 912 2760 alter
947 2729 1103 2760 versus
1132 2717 1185 2760 in
1215 2717 1370 2761 ceteris
1400 2717 1609 2762 omnibus
1638 2730 1748 2774 quos
1778 2729 1848 2761 co·

161 2769 319 2825 ynovi,
350 2769 428 2815 sed
456 2771 554 2815 sine
583 2771 722 2817 dubio
751 2774 828 2818 ille
856 2775 1084 2832 yenuinus
1114 2779 1177 2820 est
1199 2777 1215 2832 ΙΙ
1238 2780 1322 2820 263
1355 2777 1491 2820 Hunc
1508 2802 1562 2808 —-
1579 2778 1772 2833 puteum
1793 2774 1853 2819 Οι

163 2826 226 2881 R,
258 2827 359 2871 Hoc
378 2854 431 2860 —
452 2830 595 2885 puteo
629 2831 690 2874 M
711 2831 726 2888 ΙΙ
756 2836 843 2877 265
874 2832 950 2877 Ad
980 2834 1098 2878 haec
1130 2838 1341 2879 servator
1370 2835 1489 2880 talia
1520 2834 1647 2879 dicta
1678 2832 1849 2878 detulit

165 2885 229 2928 M
244 2887 367 2931 solus
397 2889 568 2943 (versus
596 2892 823 2947 yenuinws
853 2893 916 2936 ad
946 2894 1194 2950 maryinem
1227 2894 1439 2950 adpictus
1470 2898 1532 2938 est
1554 2895 1570 2951 ΙΙ
1593 2897 1679 2938 266
1711 2892 1855 2949 plene

166 2943 291 3000 0¹12,
323 2946 383 2990 ad
414 2946 603 3003 plenum
636 2947 780 3004 Mat,‘
802 2950 941 3006 plane
974 2951 1035 2994 M
1054 2952 1106 2994 17²
