2038 3192
171 111 241 165 72
864 111 1047 157 LIBER
1077 111 1155 158 111.

173 233 312 286 Tum
354 233 429 286 sic
469 231 747 301 discipulis
786 231 931 285 vitae
970 249 1092 302 spes
1131 232 1287 288 unica
1325 233 1495 287 fatur:

170 306 448 378 „Difficile
489 309 570 359 est
609 305 768 359 terris
808 305 1012 359 adfixos
1052 305 1218 360 divite
1259 324 1393 378 gaza

170 380 353 434 Avelli
393 380 633 448 caelique
673 380 818 432 leves
857 378 915 431 in
953 396 1121 450 regna
1159 382 1356 435 venire.

171 454 316 508 Nam
357 454 516 506 citius
555 453 735 505 tenuis
775 470 871 522 per
911 470 1037 506 acus
1076 454 1307 507 transire
1346 454 1592 508 foramen

170 527 443 582 Deformis
483 529 742 596 poterunt
779 526 1041 579 immania
1078 528 1324 581 membra
1362 529 1578 597 cameli,
1773 543 1862 584 525

172 601 347 664 Quam
388 603 551 670 queat
588 603 650 653 ut
689 599 836 653 dives
879 600 1134 654 caelestia
1173 619 1341 671 regna
1378 602 1607 656 videre.“

170 675 393 728 Talibus
435 674 657 728 attoniti
696 674 919 727 comites
959 674 1268 745 stupidique
1308 676 1562 746 silebant,

170 748 468 803 Volventes
509 766 644 816 quae
683 750 841 800 tanta
878 746 1021 800 foret
1061 748 1160 801 sub
1199 753 1416 818 pectore
1455 750 1626 803 virtus

171 822 448 892 Humano,
486 822 654 874 talem
694 821 870 892 possit
909 839 1044 890 quae
1083 822 1344 891 prendere
1382 823 1568 876 vitam.

169 896 414 966 Respicit
453 902 703 949 aeternae
742 895 1009 948 iustorum
1049 895 1225 965 gloria
1262 897 1405 950 vitae
1772 912 1859 952 530

169 970 350 1039 Atque
391 969 490 1022 ait:
530 968 716 1038 „Haec
754 969 963 1021 homini
999 968 1186 1022 forsan
1223 970 1506 1023 videantur
1546 971 1764 1040 acerba,

170 1041 274 1096 Sed
313 1043 458 1096 Deus
499 1043 684 1095 electis
720 1041 938 1095 facilem
975 1044 1299 1112 praepandit
1335 1043 1392 1096 in
1433 1044 1621 1096 aethra

170 1116 599 1186 Possibilemque
638 1116 806 1185 viam,
844 1115 1019 1169 virtus
1061 1134 1223 1185 quam
1263 1118 1404 1170 celsa
1443 1118 1738 1187 capessat.“

243 1190 382 1243 Tum
421 1190 617 1242 Petrus
656 1189 781 1242 fidei
820 1190 1059 1242 munitus
1099 1191 1381 1243 moenibus
1419 1191 1560 1244 infit:

169 1263 399 1334 „Omnia
435 1267 750 1317 nostrorum
788 1263 1031 1332 proiecta
1067 1263 1384 1332 reliquimus
1425 1265 1578 1334 olim,
1771 1279 1857 1320 535

169 1338 247 1391 Et
286 1340 383 1390 tua
420 1337 568 1390 iussa
607 1337 760 1406 sequi
798 1336 956 1389 nobis
996 1354 1119 1406 spes
1158 1337 1316 1391 unica
1354 1341 1541 1391 restat.

171 1409 310 1474 Quid
334 1410 538 1464 nostris
564 1411 759 1463 animis
785 1410 1068 1480 superest?
1121 1409 1245 1478 Dic,
1270 1409 1505 1481 Christe,
1529 1413 1860 1481 precamur.“

171 1485 395 1538 Talibus
437 1483 504 1537 ad
540 1483 763 1537 Petrum
802 1483 984 1537 verbis
1023 1484 1304 1553 respondit
1342 1484 1515 1538 Iesus:

167 1558 314 1628 „Vos
356 1559 678 1628 quicumque
717 1575 896 1610 meum
934 1557 1132 1610 mentis
1171 1559 1539 1627 penetralibus
1580 1560 1707 1613 altis

172 1631 465 1688 Credentes
505 1630 733 1685 servatis
771 1630 890 1700 iter,
929 1649 1050 1683 cum
1090 1631 1289 1684 sederit
1328 1633 1435 1685 alte
1772 1647 1857 1688 540

168 1706 462 1777 Progenies
499 1705 761 1774 hominiS‚
800 1704 944 1758 celso
987 1722 1145 1773 quem
1186 1705 1366 1776 cinget
1403 1705 1607 1760 honore

171 1779 434 1833 Maiestas
444 1821 458 1849 ‚
495 1779 580 1832 bis
622 1797 712 1831 sex
752 1778 866 1830 illic
904 1778 1270 1846 pulcherrima
1308 1780 1480 1832 virtus

171 1852 481 1907 Constituet
516 1853 670 1905 vobis
711 1851 932 1904 sublimi
970 1852 1027 1903 in
1065 1852 1266 1906 vertice
1306 1853 1480 1923 sedeS,

168 1926 540 1995 Iudiciumque
578 1924 859 1979 hominum
898 1924 1105 1994 pariter
1143 1928 1380 1979 tractare
1419 1927 1616 1981 licebit.

166 1999 273 2054 Hic
313 2000 633 2069 quicumque
673 1999 756 2052 sui
795 1997 1004 2067 linquet
1043 1999 1360 2069 generisque
1400 2000 1693 2071 domusque
1770 2015 1856 2056 545

171 2072 344 2127 Gazas
386 2071 733 2141 adfectusque
773 2089 958 2125 omnes
999 2089 1098 2141 pro
1137 2073 1354 2125 nomine
1392 2077 1602 2142 nostro,

170 2145 531 2216 Centiplicata
571 2146 762 2199 dehinc
801 2145 978 2215 capiet
1017 2145 1290 2215 vitamque
1328 2164 1632 2215 perennem.

167 2221 475 2274 Primorum
516 2222 765 2272 meritum
807 2219 1069 2289 postremi
1106 2220 1587 2290 transgredientur,

168 2293 381 2347 Ultima
418 2294 702 2363 praeteriti
742 2292 956 2362 capient
992 2292 1083 2346 vix
1121 2294 1361 2362 praemia
1400 2294 1606 2362 primi.“

247 2366 519 2436 „Sedulus
558 2371 620 2420 ut
658 2367 800 2419 ruris
840 2366 1111 2436 dominUS‚
1151 2367 1236 2419 cui
1276 2367 1451 2420 dulcia
1489 2368 1713 2421 fundum
1770 2382 1856 2423 550

168 2441 471 2510 Pinguibus
510 2441 567 2493 in
606 2440 811 2510 campis
850 2440 961 2492 late
999 2439 1181 2493 vineta
1219 2445 1502 2510 coronant3

171 2513 276 2567 Hic
314 2514 409 2567 ubi
446 2532 767 2583 progressus
807 2514 981 2583 primo
1022 2531 1143 2566 cum
1182 2513 1384 2566 lumine
1426 2516 1577 2583 soliS‚

170 2585 443 2641 Conduxit
480 2588 734 2641 iuvenum
771 2587 1072 2640 fortissima
1109 2587 1307 2640 robora
1347 2591 1535 2657 pactus

176 2660 344 2714 Unius
383 2661 439 2714 in
477 2661 613 2714 lucis
653 2663 800 2714 certa
837 2660 1079 2714 mercede
1118 2660 1382 2729 laborem,

168 2733 245 2788 Et
285 2752 383 2789 sua
419 2738 537 2787 tum
575 2734 734 2787 iussit
775 2734 924 2787 cultu
964 2735 1147 2787 vineta
1184 2733 1370 2802 polire.
1767 2749 1853 2789 555

289 2897 375 2937 554
405 2893 618 2937 laborum
653 2892 876 2937 MRAL
