2038 3192
816 183 870 228 V.
906 189 1153 230 643-709.
1750 184 1818 237 51

143 309 444 372 Quaeratur
482 308 724 360 veterum
764 304 1088 374 scriptorum
1129 304 1291 358 lectio
1330 304 1510 374 vobiS,

137 382 460 451 Perpetuam
500 379 706 433 eunctis
745 379 918 431 vitam
958 396 1117 447 quam
1155 378 1296 430 ferre
1333 378 1557 448 putatis.

138 456 285 509 Haec
324 455 489 508 etiam
526 456 776 506 nostrum
814 454 1048 504 testatur
1086 452 1248 505 lectio
1290 451 1504 505 donum.

136 528 250 582 Nec
288 532 473 586 tamen
511 526 719 580 audetis
757 527 980 596 propius
1021 526 1314 579 consistere
1352 525 1534 596 nobis,

131 601 215 655 Ne
255 620 414 655 verae
451 601 608 655 vobis
648 599 930 670 contingat
968 600 1150 670 gratia
1187 599 1347 652 vitae.
1734 614 1820 655 680

130 675 257 729 Non
295 675 427 728 mihi
466 677 719 743 captatur
756 676 1002 726 terrenae
1042 672 1218 742 gloria
1256 672 1448 726 laudis

130 749 380 818 Namque
419 765 521 818 ego
561 747 703 832 quod
744 747 942 800 summi
981 747 1242 816 genitoris
1281 748 1499 800 nomine
1537 747 1682 818 veni,

131 822 426 892 Respuitur
463 822 643 890 vob1S,
681 821 865 875 veniet
906 821 998 873 sed
1039 820 1256 874 decolor
1295 821 1450 890 alter,

127 895 361 949 Nomine
402 913 559 965 quem
599 895 800 947 fultum
839 894 1060 964 proprio
1102 911 1234 965 gens
1274 897 1456 947 vestra
1496 899 1764 964 sequetur.

126 970 386 1022 Alternae
424 971 481 1021 in
518 969 674 1023 vobis
715 970 966 1038 captatur
1005 968 1181 1039 gloria
1219 968 1420 1035 famae,
1731 982 1816 1023 685

128 1041 302 1096 Unius
342 1045 397 1095 et
437 1043 610 1096 solam
649 1042 840 1113 fugitis
882 1042 1179 1111 disquirere
1219 1042 1450 1094 laudem.

126 1115 240 1170 Nec
277 1134 374 1170 vos
413 1116 680 1187 arguerim
721 1134 904 1169 coram
945 1116 1214 1187 genitore,
1254 1115 1346 1168 sed
1385 1115 1498 1168 illic

128 1190 427 1244 Accusator
466 1191 591 1259 erit,
631 1208 788 1260 quem
830 1207 952 1260 spes
993 1189 1153 1242 modo
1194 1191 1374 1242 vestra
1413 1189 1672 1258 celebrat,

125 1262 364 1334 MoyseS,
405 1281 564 1333 quem
602 1264 726 1316 fidei
763 1265 914 1316 nullo
954 1263 1214 1316 servastis
1255 1262 1475 1316 honore.

124 1336 258 1390 Eius
298 1338 439 1390 enim
481 1337 696 1406 scriptis
735 1340 916 1390 vester
956 1337 1003 1389 si
1042 1336 1283 1389 crederet
1324 1354 1490 1405 error,
1728 1351 1814 1391 690

126 1408 379 1464 Crederet
421 1413 474 1464 et
511 1411 692 1480 nobis,
731 1409 909 1480 Moysi
949 1429 1109 1480 quem
1150 1410 1352 1478 scripta
1390 1409 1786 1479 frequentant.“

199 1483 354 1537 Talia
392 1489 509 1538 tum
550 1488 738 1537 contra
779 1484 1076 1537 scribarum
1119 1484 1286 1537 verba
1325 1486 1650 1553 sequuntur:

120 1556 392 1625 „Vocibus
431 1557 740 1611 indubitata
777 1558 911 1611 fides
952 1557 1302 1611 comitabitur
1339 1557 1482 1627 istiS,

124 1629 182 1683 Si
221 1631 395 1684 virtus
436 1631 597 1684 certis
636 1632 816 1684 firmet
855 1632 1116 1685 miracula
1158 1630 1376 1701 signiS.“

122 1702 225 1756 Ille
266 1704 479 1758 dehinc:
518 1704 781 1774 „Polluta
818 1705 979 1757 malis
1020 1704 1300 1775 generatio
1342 1704 1555 1773 quaerit
1729 1719 1814 1760 695

124 1774 292 1847 Signa
331 1778 459 1846 sibi3
497 1778 658 1831 rebus
700 1778 923 1831 stabunt
964 1779 1056 1831 sed
1096 1778 1255 1849 signa
1293 1778 1507 1831 futuris.

120 1848 371 1921 Namque
409 1852 677 1922 propheta
715 1870 847 1905 cavo
889 1856 1151 1921 quantum
1193 1852 1291 1905 sub
1332 1854 1549 1922 pectore
1589 1854 1693 1905 ceti

123 1923 408 1993 Temporis
449 1925 773 1995 absumpsit,
812 1930 988 1979 terrae
1028 1926 1085 1978 in
1124 1926 1496 1996 penetralibus
1537 1926 1664 1979 altis

120 1997 413 2068 Progenies
453 1999 688 2052 hominis
729 2003 943 2052 tantum
984 1999 1230 2052 demersa
1268 1999 1525 2054 manebit.

118 2070 388 2124 Adveniet
427 2075 663 2142 tempuS,
703 2092 823 2127 cum
864 2076 1051 2144 surget
1089 2073 1300 2126 reddita
1337 2074 1483 2127 vitae
1725 2088 1809 2130 700

17 2168 28 2186 ·
120 2142 263 2197 Gens
305 2145 586 2199 hominum
625 2148 860 2217 propriis
899 2148 956 2200 in
995 2148 1182 2200 fletum
1224 2147 1406 2200 dedita
1445 2147 1630 2218 gestiS.

115 2216 265 2271 Haec
304 2218 470 2272 istam
511 2220 674 2290 digno
717 2221 998 2274 damnabit
1037 2221 1261 2274 crimine
1302 2224 1540 2292 gentem,

119 2290 289 2353 Quod.
313 2293 478 2346 maris
519 2312 546 2347 e
584 2294 753 2348 fundo
794 2295 1068 2365 surgentis
1107 2313 1239 2349 voce
1278 2295 1578 2365 prophetae

118 2363 462 2419 Commonita
499 2367 557 2420 in
597 2369 848 2423 lacrimas
887 2369 1186 2422 Dominum
1223 2370 1470 2438 proiecta
1508 2369 1733 2422 reflexit.

116 2437 220 2491 Hic
261 2442 314 2491 et
351 2438 564 2494 Ionaeis
603 2442 827 2495 monitis
867 2443 1084 2512 potiora
1123 2443 1394 2512 iubentur,
1720 2456 1804 2497 705

117 2509 539 2583 Contemnitque
576 2514 706 2569 feris
747 2516 942 2569 animis
982 2534 1114 2587 gens
1154 2517 1324 2586 impia
1362 2517 1551 2570 lucem.

115 2583 192 2637 Et
230 2586 418 2656 regina
457 2588 575 2641 noti
612 2589 806 2642 vitales
847 2594 1035 2660 surget
1072 2591 1130 2644 in
1169 2609 1308 2644 oraS.

115 2656 271 2711 Illius
313 2659 379 2711 ad
419 2661 690 2729 specimen
729 2663 1076 2717 damnabitur
1116 2664 1279 2718 effera
1318 2664 1503 2733 plebes
1512 2706 1526 2734 ,

115 2729 341 2785 Finibus
382 2735 636 2788 extremis
676 2735 881 2807 Libyae
923 2737 1064 2808 quod
1102 2738 1313 2791 venerit
1351 2738 1471 2807 illa,

235 2851 320 2892 685
352 2846 400 2891 in
432 2861 515 2893 om.
548 2849 633 2906 Ru
664 2856 749 2897 689
783 2853 1003 2898 servastis
1038 2852 1094 2899 0¹
1114 2854 1248 2907 Mat,
1288 2853 1483 2898 servatis
1506 2854 1522 2910 ΙΙ
1546 2857 1629 2897 691
1663 2851 1803 2896 Moisi

118 2903 186 2961 0¹,
219 2905 399 2963 Moysei
433 2908 494 2951 M
515 2909 531 2965 ΙΙ
553 2912 641 2953 695
673 2910 808 2956 malis
842 2911 971 2970 0¹1⁷,
1002 2913 1153 2969 magis
1176 2914 1192 2969 ΙΙ
1229 2916 1314 2957 708
1348 2911 1582 2969 specimen
1616 2911 1672 2955 G¹
1691 2911 1803 2954 Mat

113 2963 208 3009 Ber
226 2965 306 3023 Sy,
338 2966 540 3023 speciem

1472 3043 1535 3086 4*
