2038 3192
205 125 275 179 88
495 158 503 165 .
899 126 1083 171 LIBER
1113 129 1190 172 lv.

207 246 310 309 Qui
348 250 577 300 meteres
619 249 827 316 segetes
867 247 1043 300 alieno
1084 248 1284 300 semine
1325 251 1519 318 cretaS,

206 321 473 390 Extimui‚
514 326 904 390 argentumque
943 324 1098 374 tuum
1137 322 1452 381 concredere
1492 326 1667 375 terrae

205 394 399 464 Malui,
441 395 583 463 quod
624 395 834 447 salvum
875 413 1086 463 semper
1123 396 1227 448 tibi
1265 396 1484 448 reddere
1523 414 1757 465 possem.

206 467 345 521 Tum
384 467 630 520 dominus
668 468 873 521 famulo
912 469 1242 540 respondens
1283 470 1483 522 talibus
1522 469 1667 522 infit:
1804 483 1889 524 245

207 540 265 594 Si
302 541 511 594 nescire
551 559 699 594 meos
742 541 963 594 auderes
1004 542 1177 596 dicere
1217 561 1418 611 moreS‚

204 613 493 684 Nequitiae
532 618 717 668 tantae
757 615 970 669 veniam
1010 616 1297 669 concedere
1336 635 1568 686 possem.

202 687 323 742 Hoc
363 689 527 742 etiam
568 706 795 759 gnarum
834 689 1014 758 potius
1053 694 1329 759 praestare
1370 690 1617 759 decebat,

204 761 282 815 Ut
319 762 557 816 fructum
595 763 754 816 nobis
794 766 1032 816 tractata
1069 765 1295 833 pecunia
1334 763 1518 817 ferret.

208 835 553 906 Quapropter
593 837 745 906 segni
783 837 1013 890 tollatur
1051 838 1231 906 portio
1271 838 1447 890 nostri
1805 852 1891 891 250

204 909 570 980 Prudentique
611 910 803 963 dehinc
843 911 996 963 detur
1035 911 1308 981 possessio
1348 912 1537 980 maior,

207 983 378 1046 Quem
418 984 594 1053 duplis
635 985 937 1037 cumulasse
976 985 1140 1038 lucris
1180 1003 1300 1038 mea
1340 985 1573 1055 quinque
1612 985 1821 1038 talenta

205 1057 408 1111 Inveni.
469 1057 720 1126 Namque
760 1061 843 1110 est
883 1060 1110 1127 certum,
1151 1059 1367 1128 potiora
1405 1059 1620 1128 mereri,

206 1130 336 1193 Quis
375 1149 461 1184 res
501 1132 719 1184 uberior
758 1133 1063 1185 cumulatae
1103 1133 1264 1185 sortis
1307 1133 1559 1186 abundat.

207 1205 284 1257 At
324 1206 409 1259 cui
446 1223 614 1273 parva
655 1206 841 1258 subest
882 1206 1036 1276 segni
1076 1206 1382 1258 substantia
1423 1207 1603 1274 corde,
1807 1218 1893 1259 255

205 1277 269 1330 Id
307 1278 591 1331 minimum
628 1279 845 1348 penitus
885 1279 1027 1332 iuste
1065 1280 1290 1331 tolletur
1331 1280 1398 1331 ab
1438 1279 1553 1348 illo,

204 1351 283 1405 Ut
319 1370 550 1422 nequam
593 1366 780 1406 servus
821 1353 1072 1405 tenebras
1113 1353 1388 1405 demersus
1429 1353 1497 1405 ad
1535 1354 1674 1405 imas

204 1425 503 1495 Perpetuos
544 1426 703 1479 fletus
742 1445 948 1495 poenae
989 1427 1220 1480 stridore
1257 1426 1608 1495 frequentet.“

276 1499 402 1568 „En
439 1499 675 1553 hominis
715 1504 875 1553 natus
915 1501 1093 1553 veniet
1131 1500 1411 1570 patrisque
1451 1500 1715 1553 ministris

211 1572 456 1642 Stipatus
498 1574 640 1626 celsa
678 1574 836 1626 iudex
876 1574 934 1626 in
974 1574 1097 1626 sede
1139 1574 1360 1626 sedebit.
1806 1587 1893 1627 260

207 1647 348 1700 Tum
387 1650 576 1717 gentes
617 1650 838 1700 cunctae
879 1647 1105 1700 diversis
1144 1649 1393 1715 partibus
1434 1647 1581 1699 orbis

206 1719 546 1775 Conveniunt
583 1721 862 1791 iustosque
903 1739 1088 1774 omnes
1129 1721 1192 1774 de
1231 1721 1356 1774 labe
1396 1721 1663 1773 malorum

206 1793 459 1847 Secernet
499 1793 790 1864 dextraque
829 1795 1003 1847 libens
1043 1795 1101 1848 in
1138 1798 1292 1864 parte
1331 1794 1554 1863 locabit,

204 1868 283 1921 At
321 1887 517 1938 pravos
557 1869 714 1922 laeva
753 1868 1033 1937 despectos
1073 1872 1229 1937 parte
1268 1869 1562 1938 relinquet3

204 1941 282 1995 Ut
320 1945 510 2010 pastor
548 1941 757 2011 pecoris
799 1942 1055 1994 discernit
1093 1960 1294 2011 pascua
1334 1942 1514 2010 mixti,
1806 1955 1890 1996 265

208 2015 488 2086 Lanigeris
529 2015 704 2068 dextri
742 2015 1065 2084 permittens
1106 2015 1295 2067 mollia
1331 2015 1478 2084 prati

205 2089 283 2142 At
322 2090 505 2142 laevos
545 2089 707 2141 hirtis
748 2088 936 2142 dumos
977 2089 1200 2142 tondere
1241 2088 1492 2157 capellis..

207 2162 311 2216 Sed
350 2181 444 2215 rex
483 2163 545 2215 ad
589 2162 807 2215 dextros
848 2180 1136 2216 conversus
1177 2162 1312 2214 talia
1352 2162 1516 2215 dicet:

205 2236 327 2290 Huc
367 2236 587 2290 veniant
629 2236 822 2305 sancti,
861 2236 1173 2288 iamdudum
1214 2235 1396 2287 debita
1436 2238 1656 2288 sumant

206 2310 365 2363 Dona
404 2310 599 2378 patri8‚
639 2278 823 2363 mundi
863 2327 998 2379 quae
1039 2312 1165 2362 sunt
1204 2327 1477 2385 aequaeva
1514 2309 1736 2362 nitentis
1808 2324 1894 2364 270

207 2383 283 2437 Et
320 2384 478 2436 iustis
518 2384 694 2453 primo
734 2384 1003 2453 promissa
1041 2386 1304 2451 parantur
1343 2383 1411 2435 ab
1452 2385 1590 2435 ortU.

207 2457 459 2526 Namque
499 2458 642 2510 fame
680 2457 883 2510 fessum
924 2457 1193 2526 quondam
1234 2475 1318 2510 me
1359 2460 1518 2526 grata
1555 2456 1746 2510 refecit

204 2530 356 2584 Haec
393 2531 581 2599 plebes
620 2533 860 2600 potuque
901 2531 1050 2582 sitim
1090 2530 1224 2582 mihi
1264 2547 1421 2599 saepe
1460 2529 1715 2600 removit,

209 2603 627 2674 Hospitiumque
668 2605 856 2657 domus
897 2604 1075 2673 patuit
1114 2604 1248 2655 mihi
1289 2621 1446 2672 saepe
1484 2607 1678 2656 vocato

206 2678 284 2731 Et
320 2678 494 2730 nudus
533 2678 702 2731 vestis
743 2677 1098 2730 blandissima
1136 2676 1379 2747 tegmina
1420 2677 1625 2746 sumpsi
1806 2684 1921 2730 275

327 2797 413 2837 242
446 2793 646 2837 meteres
680 2792 813 2837 0¹V¹
832 2793 895 2851 Sy
913 2793 1029 2846 Bar,
1067 2793 1265 2836 meteret
1309 2792 1327 2847 n
1371 2796 1455 2835 257
1488 2791 1554 2835 Ut
1586 2791 1658 2847 0¹,
1689 2791 1752 2836 Et
1784 2793 1894 2837 Mat

206 2851 282 2898 B*
294 2850 480 2907 T**K‚
511 2852 576 2896 At
603 2853 619 2908 ΙΙ
643 2856 730 2896 262
762 2851 977 2895 laborum
1007 2851 1207 2895 Huemer
1229 2851 1245 2906 ΙΙ
1269 2854 1354 2894 266
1387 2850 1611 2894 dextri—
1629 2850 1755 2908 prati
1788 2850 1894 2911 Off,

208 2911 444 2971 dextre—
389 2910 611 2968 —partis
645 2910 700 2954 01
709 2909 915 2954 *³⁸*RM
935 2911 951 2967 ΙΙ
975 2915 1063 2955 274
1092 2909 1400 2966 Hospitioque
1442 2908 1501 2954 V¹
