<?xml version="1.0" encoding="UTF-8"?>
<!DOCTYPE html PUBLIC "-//W3C//DTD XHTML 1.0 Transitional//EN"
    "http://www.w3.org/TR/xhtml1/DTD/xhtml1-transitional.dtd">
<html xmlns="http://www.w3.org/1999/xhtml" xml:lang="en" lang="en">
 <head>
  <title>
</title>
<meta http-equiv="Content-Type" content="text/html;charset=utf-8" />
  <meta name='ocr-system' content='tesseract 3.04.00' />
  <meta name='ocr-capabilities' content='ocr_page ocr_carea ocr_par ocr_line ocrx_word'/>
</head>
<body>
  <div class='ocr_page' id='page_1' title='image "./librievangelioru00juveuoft_0124.png"; bbox 0 0 2038 3192; ppageno 0'>
   <div class='ocr_carea' id='block_1_1' title="bbox 246 143 1234 200">
    <p class='ocr_par' dir='ltr' id='par_1_1' title="bbox 246 143 1234 200">
     <span class='ocr_line' id='line_1_1' title="bbox 246 143 1234 200; baseline -0.008 -2"><span class='ocrx_word' id='word_1_1' title='bbox 246 145 352 200; x_wconf 78' lang='grc'><strong>102</strong></span> <span class='ocrx_word' id='word_1_2' title='bbox 944 143 1127 189; x_wconf 85' lang='lat' dir='ltr'><strong>LIBER</strong></span> <span class='ocrx_word' id='word_1_3' title='bbox 1157 144 1234 190; x_wconf 90' lang='lat' dir='ltr'><strong>IV.</strong></span> 
     </span>
    </p>
   </div>
   <div class='ocr_carea' id='block_1_2' title="bbox 239 265 1950 2765">
    <p class='ocr_par' dir='ltr' id='par_1_2' title="bbox 239 265 1950 2765">
     <span class='ocr_line' id='line_1_2' title="bbox 245 265 1596 336; baseline 0 -18"><span class='ocrx_word' id='word_1_4' title='bbox 245 265 466 319; x_wconf 89' lang='lat' dir='ltr'><strong>Liberet</strong></span> <span class='ocrx_word' id='word_1_5' title='bbox 505 268 559 318; x_wconf 91' lang='lat' dir='ltr'><strong>et</strong></span> <span class='ocrx_word' id='word_1_6' title='bbox 599 265 796 318; x_wconf 91' lang='lat' dir='ltr'><strong>misero</strong></span> <span class='ocrx_word' id='word_1_7' title='bbox 836 265 1104 318; x_wconf 88' lang='lat' dir='ltr'><strong>confixum</strong></span> <span class='ocrx_word' id='word_1_8' title='bbox 1144 265 1328 334; x_wconf 88' lang='lat' dir='ltr'><strong>stipite</strong></span> <span class='ocrx_word' id='word_1_9' title='bbox 1367 265 1596 336; x_wconf 82' lang='lat' dir='ltr'><strong>regem.“</strong></span> 
     </span>
     <span class='ocr_line' id='line_1_3' title="bbox 246 338 1927 409; baseline 0.001 -17"><span class='ocrx_word' id='word_1_10' title='bbox 246 338 384 392; x_wconf 90' lang='lat' dir='ltr'><strong>Tum</strong></span> <span class='ocrx_word' id='word_1_11' title='bbox 424 340 627 392; x_wconf 88' lang='lat' dir='ltr'><strong>clamor</strong></span> <span class='ocrx_word' id='word_1_12' title='bbox 665 338 888 391; x_wconf 88' lang='lat' dir='ltr'>Domini</span> <span class='ocrx_word' id='word_1_13' title='bbox 926 356 1127 409; x_wconf 86' lang='lat' dir='ltr'><strong>magno</strong></span> <span class='ocrx_word' id='word_1_14' title='bbox 1168 339 1447 392; x_wconf 88' lang='lat' dir='ltr'><strong>conamine</strong></span> <span class='ocrx_word' id='word_1_15' title='bbox 1486 339 1682 393; x_wconf 90' lang='lat' dir='ltr'><strong>missus</strong></span> <span class='ocrx_word' id='word_1_16' title='bbox 1841 353 1927 394; x_wconf 78' lang='lat'><strong>700</strong></span> 
     </span>
     <span class='ocr_line' id='line_1_4' title="bbox 244 411 1950 467; baseline 0.001 -2"><span class='ocrx_word' id='word_1_17' title='bbox 244 412 517 466; x_wconf 90' lang='lat' dir='ltr'><strong>Aetheriis</strong></span> <span class='ocrx_word' id='word_1_18' title='bbox 558 411 794 465; x_wconf 85' lang='lat' dir='ltr'><strong>animam</strong></span> <span class='ocrx_word' id='word_1_19' title='bbox 832 411 1085 466; x_wconf 87' lang='lat' dir='ltr'><strong>comitem</strong></span> <span class='ocrx_word' id='word_1_20' title='bbox 1126 412 1465 466; x_wconf 90' lang='lat' dir='ltr'><strong>commiscuit</strong></span> <span class='ocrx_word' id='word_1_21' title='bbox 1504 413 1664 467; x_wconf 87' lang='lat' dir='ltr'><strong>auris.</strong></span> <span class='ocrx_word' id='word_1_22' title='bbox 1947 427 1950 430; x_wconf 83' lang='grc'><strong>’</strong></span> 
     </span>
     <span class='ocr_line' id='line_1_5' title="bbox 245 484 1568 556; baseline 0 -18"><span class='ocrx_word' id='word_1_23' title='bbox 245 484 570 539; x_wconf 83' lang='lat' dir='ltr'><strong>Scinduntur</strong></span> <span class='ocrx_word' id='word_1_24' title='bbox 607 485 813 555; x_wconf 91' lang='lat' dir='ltr'><strong>pariter</strong></span> <span class='ocrx_word' id='word_1_25' title='bbox 853 486 1026 539; x_wconf 89' lang='lat' dir='ltr'><strong>sancti</strong></span> <span class='ocrx_word' id='word_1_26' title='bbox 1065 486 1335 540; x_wconf 86' lang='lat' dir='ltr'><strong>velamina</strong></span> <span class='ocrx_word' id='word_1_27' title='bbox 1373 486 1568 556; x_wconf 88' lang='lat' dir='ltr'><strong>templi</strong></span> 
     </span>
     <span class='ocr_line' id='line_1_6' title="bbox 244 558 1794 629; baseline 0.001 -17"><span class='ocrx_word' id='word_1_28' title='bbox 244 558 588 628; x_wconf 85' lang='lat' dir='ltr'><strong>Carbasaque</strong></span> <span class='ocrx_word' id='word_1_29' title='bbox 626 560 684 611; x_wconf 91' lang='lat' dir='ltr'><strong>in</strong></span> <span class='ocrx_word' id='word_1_30' title='bbox 722 559 965 629; x_wconf 86' lang='lat' dir='ltr'><strong>geminas</strong></span> <span class='ocrx_word' id='word_1_31' title='bbox 1002 563 1187 629; x_wconf 88' lang='lat' dir='ltr'><strong>partes</strong></span> <span class='ocrx_word' id='word_1_32' title='bbox 1228 560 1473 629; x_wconf 88' lang='lat' dir='ltr'><strong>disrupta</strong></span> <span class='ocrx_word' id='word_1_33' title='bbox 1513 559 1794 614; x_wconf 89' lang='lat' dir='ltr'><strong>dehiscunt</strong></span> 
     </span>
     <span class='ocr_line' id='line_1_7' title="bbox 241 632 1816 703; baseline 0 -17"><span class='ocrx_word' id='word_1_34' title='bbox 241 632 319 686; x_wconf 84' lang='lat' dir='ltr'><strong>Et</strong></span> <span class='ocrx_word' id='word_1_35' title='bbox 355 633 707 686; x_wconf 88' lang='lat' dir='ltr'><strong>tremebunda</strong></span> <span class='ocrx_word' id='word_1_36' title='bbox 746 633 895 686; x_wconf 90' lang='lat' dir='ltr'><strong>omni</strong></span> <span class='ocrx_word' id='word_1_37' title='bbox 933 651 1194 687; x_wconf 86' lang='lat' dir='ltr'><strong>concussa</strong></span> <span class='ocrx_word' id='word_1_38' title='bbox 1233 636 1316 687; x_wconf 89' lang='lat' dir='ltr'><strong>est</strong></span> <span class='ocrx_word' id='word_1_39' title='bbox 1353 633 1588 702; x_wconf 91' lang='lat' dir='ltr'><strong>pondere</strong></span> <span class='ocrx_word' id='word_1_40' title='bbox 1628 634 1792 686; x_wconf 92' lang='lat' dir='ltr'><strong>tellus</strong></span> <span class='ocrx_word' id='word_1_41' title='bbox 1803 676 1816 703; x_wconf 89' lang='lat'><em>‚</em></span> 
     </span>
     <span class='ocr_line' id='line_1_8' title="bbox 243 706 1929 777; baseline 0.001 -18"><span class='ocrx_word' id='word_1_42' title='bbox 243 706 643 776; x_wconf 88' lang='lat' dir='ltr'><strong>Dissiliuntque</strong></span> <span class='ocrx_word' id='word_1_43' title='bbox 683 725 780 760; x_wconf 91' lang='lat' dir='ltr'><strong>suo</strong></span> <span class='ocrx_word' id='word_1_44' title='bbox 820 710 1013 776; x_wconf 87' lang='lat' dir='ltr'><strong>ruptae</strong></span> <span class='ocrx_word' id='word_1_45' title='bbox 1052 707 1116 760; x_wconf 90' lang='lat' dir='ltr'><strong>de</strong></span> <span class='ocrx_word' id='word_1_46' title='bbox 1157 725 1380 777; x_wconf 90' lang='lat' dir='ltr'><strong>corpore</strong></span> <span class='ocrx_word' id='word_1_47' title='bbox 1420 710 1619 760; x_wconf 90' lang='lat' dir='ltr'><strong>cautes.</strong></span> <span class='ocrx_word' id='word_1_48' title='bbox 1845 721 1929 761; x_wconf 79' lang='lat'><strong>705</strong></span> 
     </span>
     <span class='ocr_line' id='line_1_9' title="bbox 243 779 1795 851; baseline 0.001 -18"><span class='ocrx_word' id='word_1_49' title='bbox 243 779 382 833; x_wconf 88' lang='lat' dir='ltr'><strong>Tum</strong></span> <span class='ocrx_word' id='word_1_50' title='bbox 421 783 662 834; x_wconf 89' lang='lat' dir='ltr'><strong>veterum</strong></span> <span class='ocrx_word' id='word_1_51' title='bbox 701 784 1050 835; x_wconf 90' lang='lat' dir='ltr'><strong>monumenta</strong></span> <span class='ocrx_word' id='word_1_52' title='bbox 1087 781 1265 834; x_wconf 85' lang='lat' dir='ltr'><strong>virum</strong></span> <span class='ocrx_word' id='word_1_53' title='bbox 1303 783 1526 850; x_wconf 88' lang='lat' dir='ltr'><strong>patuere</strong></span> <span class='ocrx_word' id='word_1_54' title='bbox 1565 781 1795 851; x_wconf 80' lang='lat' dir='ltr'>repulsis</span> 
     </span>
     <span class='ocr_line' id='line_1_10' title="bbox 246 853 1773 925; baseline 0.001 -19"><span class='ocrx_word' id='word_1_55' title='bbox 246 853 503 907; x_wconf 82' lang='lat' dir='ltr'>Obicibus</span> <span class='ocrx_word' id='word_1_56' title='bbox 543 854 824 925; x_wconf 88' lang='lat' dir='ltr'><strong>iustaeque</strong></span> <span class='ocrx_word' id='word_1_57' title='bbox 865 854 1075 908; x_wconf 90' lang='lat' dir='ltr'><strong>animae</strong></span> <span class='ocrx_word' id='word_1_58' title='bbox 1113 873 1210 923; x_wconf 90' lang='lat' dir='ltr'><strong>per</strong></span> <span class='ocrx_word' id='word_1_59' title='bbox 1248 855 1490 908; x_wconf 90' lang='lat' dir='ltr'><strong>membra</strong></span> <span class='ocrx_word' id='word_1_60' title='bbox 1528 873 1773 908; x_wconf 86' lang='lat' dir='ltr'><strong>reversae</strong></span> 
     </span>
     <span class='ocr_line' id='line_1_11' title="bbox 246 927 1464 998; baseline -0.001 -17"><span class='ocrx_word' id='word_1_61' title='bbox 246 927 323 981; x_wconf 87' lang='lat' dir='ltr'><strong>Et</strong></span> <span class='ocrx_word' id='word_1_62' title='bbox 361 927 464 980; x_wconf 86' lang='lat' dir='ltr'><strong>visi</strong></span> <span class='ocrx_word' id='word_1_63' title='bbox 501 928 705 997; x_wconf 90' lang='lat' dir='ltr'><strong>passim</strong></span> <span class='ocrx_word' id='word_1_64' title='bbox 742 928 931 997; x_wconf 91' lang='lat' dir='ltr'><strong>populi</strong></span> <span class='ocrx_word' id='word_1_65' title='bbox 967 947 1066 998; x_wconf 90' lang='lat' dir='ltr'><strong>per</strong></span> <span class='ocrx_word' id='word_1_66' title='bbox 1104 929 1316 982; x_wconf 88' lang='lat' dir='ltr'><strong>moenia</strong></span> <span class='ocrx_word' id='word_1_67' title='bbox 1354 929 1464 981; x_wconf 89' lang='lat' dir='ltr'><strong>late</strong></span> 
     </span>
     <span class='ocr_line' id='line_1_12' title="bbox 244 1001 1619 1071; baseline 0 -17"><span class='ocrx_word' id='word_1_68' title='bbox 244 1001 513 1055; x_wconf 83' lang='lat' dir='ltr'><strong>Erravere</strong></span> <span class='ocrx_word' id='word_1_69' title='bbox 553 1002 722 1071; x_wconf 81' lang='lat' dir='ltr'><strong>urbis3</strong></span> <span class='ocrx_word' id='word_1_70' title='bbox 765 1002 841 1055; x_wconf 92' lang='lat' dir='ltr'><strong>sic</strong></span> <span class='ocrx_word' id='word_1_71' title='bbox 878 1005 1086 1055; x_wconf 87' lang='lat' dir='ltr'><strong>terrent</strong></span> <span class='ocrx_word' id='word_1_72' title='bbox 1125 1002 1309 1056; x_wconf 88' lang='lat' dir='ltr'><strong>omnia</strong></span> <span class='ocrx_word' id='word_1_73' title='bbox 1347 1002 1619 1055; x_wconf 90' lang='lat' dir='ltr'><strong>mundum.</strong></span> 
     </span>
     <span class='ocr_line' id='line_1_13' title="bbox 245 1074 1930 1148; baseline 0.001 -21"><span class='ocrx_word' id='word_1_74' title='bbox 245 1074 515 1128; x_wconf 72' lang='lat' dir='ltr'><strong>Militibus</strong></span> <span class='ocrx_word' id='word_1_75' title='bbox 554 1075 745 1145; x_wconf 91' lang='lat' dir='ltr'><strong>primis</strong></span> <span class='ocrx_word' id='word_1_76' title='bbox 786 1075 1105 1144; x_wconf 90' lang='lat' dir='ltr'><strong>quatiuntur</strong></span> <span class='ocrx_word' id='word_1_77' title='bbox 1142 1075 1304 1130; x_wconf 90' lang='lat' dir='ltr'><strong>corda</strong></span> <span class='ocrx_word' id='word_1_78' title='bbox 1340 1094 1560 1148; x_wconf 87' lang='lat' dir='ltr'><strong>pavore,</strong></span> <span class='ocrx_word' id='word_1_79' title='bbox 1846 1089 1930 1129; x_wconf 82' lang='lat'><strong>710</strong></span> 
     </span>
     <span class='ocr_line' id='line_1_14' title="bbox 245 1147 1668 1220; baseline 0.001 -19"><span class='ocrx_word' id='word_1_80' title='bbox 245 1147 445 1202; x_wconf 90' lang='lat' dir='ltr'><strong>Dedita</strong></span> <span class='ocrx_word' id='word_1_81' title='bbox 484 1150 575 1218; x_wconf 89' lang='lat' dir='ltr'><strong>qui</strong></span> <span class='ocrx_word' id='word_1_82' title='bbox 615 1166 806 1203; x_wconf 85' lang='lat' dir='ltr'><strong>saevae</strong></span> <span class='ocrx_word' id='word_1_83' title='bbox 848 1150 1138 1202; x_wconf 88' lang='lat' dir='ltr'><strong>servabant</strong></span> <span class='ocrx_word' id='word_1_84' title='bbox 1178 1167 1404 1219; x_wconf 91' lang='lat' dir='ltr'><strong>corpora</strong></span> <span class='ocrx_word' id='word_1_85' title='bbox 1442 1167 1668 1220; x_wconf 87' lang='lat' dir='ltr'><strong>poenae,</strong></span> 
     </span>
     <span class='ocr_line' id='line_1_15' title="bbox 242 1221 1680 1292; baseline 0.001 -17"><span class='ocrx_word' id='word_1_86' title='bbox 242 1222 320 1275; x_wconf 86' lang='lat' dir='ltr'><strong>Et</strong></span> <span class='ocrx_word' id='word_1_87' title='bbox 360 1222 605 1276; x_wconf 91' lang='lat' dir='ltr'><strong>subolem</strong></span> <span class='ocrx_word' id='word_1_88' title='bbox 645 1222 823 1275; x_wconf 84' lang='lat' dir='ltr'><strong>dixere</strong></span> <span class='ocrx_word' id='word_1_89' title='bbox 863 1222 964 1276; x_wconf 91' lang='lat' dir='ltr'><strong>Dei</strong></span> <span class='ocrx_word' id='word_1_90' title='bbox 1004 1221 1389 1292; x_wconf 73' lang='lat' dir='ltr'><strong>Christumque</strong></span> <span class='ocrx_word' id='word_1_91' title='bbox 1428 1223 1680 1276; x_wconf 88' lang='lat' dir='ltr'><strong>fatentur.</strong></span> 
     </span>
     <span class='ocr_line' id='line_1_16' title="bbox 315 1295 1630 1366; baseline -0.002 -16"><span class='ocrx_word' id='word_1_92' title='bbox 315 1296 363 1350; x_wconf 87' lang='grc' dir='ltr'>Ε</span> <span class='ocrx_word' id='word_1_93' title='bbox 406 1295 639 1366; x_wconf 80' lang='lat' dir='ltr'><strong>speculis</strong></span> <span class='ocrx_word' id='word_1_94' title='bbox 679 1299 880 1349; x_wconf 90' lang='lat' dir='ltr'><strong>matres</strong></span> <span class='ocrx_word' id='word_1_95' title='bbox 921 1296 1181 1350; x_wconf 87' lang='lat' dir='ltr'><strong>miracula</strong></span> <span class='ocrx_word' id='word_1_96' title='bbox 1217 1299 1373 1349; x_wconf 89' lang='lat' dir='ltr'><strong>tanta</strong></span> <span class='ocrx_word' id='word_1_97' title='bbox 1410 1299 1630 1349; x_wconf 85' lang='lat' dir='ltr'><strong>tuentur</strong></span> 
     </span>
     <span class='ocr_line' id='line_1_17' title="bbox 242 1368 1745 1440; baseline 0 -17"><span class='ocrx_word' id='word_1_98' title='bbox 242 1368 466 1439; x_wconf 85' lang='lat' dir='ltr'><strong>Omnes,</strong></span> <span class='ocrx_word' id='word_1_99' title='bbox 507 1370 823 1440; x_wconf 88' lang='lat' dir='ltr'><strong>obsequium</strong></span> <span class='ocrx_word' id='word_1_100' title='bbox 865 1368 1084 1423; x_wconf 88' lang='lat' dir='ltr'><strong>Christo</strong></span> <span class='ocrx_word' id='word_1_101' title='bbox 1126 1388 1262 1439; x_wconf 89' lang='lat' dir='ltr'><strong>quae</strong></span> <span class='ocrx_word' id='word_1_102' title='bbox 1300 1370 1440 1422; x_wconf 84' lang='lat' dir='ltr'><strong>ferre</strong></span> <span class='ocrx_word' id='word_1_103' title='bbox 1481 1371 1745 1424; x_wconf 88' lang='lat' dir='ltr'><strong>solebant.</strong></span> 
     </span>
     <span class='ocr_line' id='line_1_18' title="bbox 239 1441 1929 1513; baseline 0.001 -17"><span class='ocrx_word' id='word_1_104' title='bbox 239 1441 362 1496; x_wconf 88' lang='lat' dir='ltr'><strong>Iam</strong></span> <span class='ocrx_word' id='word_1_105' title='bbox 402 1444 679 1497; x_wconf 70' lang='lat' dir='ltr'><strong>decedenti</strong></span> <span class='ocrx_word' id='word_1_106' title='bbox 719 1461 911 1513; x_wconf 86' lang='lat' dir='ltr'><strong>vesper</strong></span> <span class='ocrx_word' id='word_1_107' title='bbox 951 1444 1232 1497; x_wconf 82' lang='lat' dir='ltr'><strong>succedere</strong></span> <span class='ocrx_word' id='word_1_108' title='bbox 1274 1444 1376 1496; x_wconf 84' lang='lat' dir='ltr'><strong>soli</strong></span> <span class='ocrx_word' id='word_1_109' title='bbox 1846 1457 1929 1498; x_wconf 80' lang='lat'><strong>715</strong></span> 
     </span>
     <span class='ocr_line' id='line_1_19' title="bbox 248 1515 1542 1587; baseline -0.001 -17"><span class='ocrx_word' id='word_1_110' title='bbox 248 1515 535 1587; x_wconf 81' lang='lat' dir='ltr'><strong>Coeperat,</strong></span> <span class='ocrx_word' id='word_1_111' title='bbox 575 1520 630 1570; x_wconf 90' lang='lat' dir='ltr'><strong>et</strong></span> <span class='ocrx_word' id='word_1_112' title='bbox 668 1535 950 1587; x_wconf 90' lang='lat' dir='ltr'><strong>procerum</strong></span> <span class='ocrx_word' id='word_1_113' title='bbox 990 1522 1109 1570; x_wconf 88' lang='lat' dir='ltr'><strong>tum</strong></span> <span class='ocrx_word' id='word_1_114' title='bbox 1146 1518 1342 1570; x_wconf 90' lang='lat' dir='ltr'><strong>iustior</strong></span> <span class='ocrx_word' id='word_1_115' title='bbox 1381 1517 1542 1569; x_wconf 87' lang='lat' dir='ltr'><strong>audet</strong></span> 
     </span>
     <span class='ocr_line' id='line_1_20' title="bbox 244 1588 1724 1660; baseline -0.001 -16"><span class='ocrx_word' id='word_1_116' title='bbox 244 1588 456 1660; x_wconf 89' lang='lat' dir='ltr'><strong>Corpus</strong></span> <span class='ocrx_word' id='word_1_117' title='bbox 499 1591 565 1644; x_wconf 88' lang='lat' dir='ltr'><strong>ad</strong></span> <span class='ocrx_word' id='word_1_118' title='bbox 605 1595 904 1644; x_wconf 88' lang='lat' dir='ltr'><strong>extremum</strong></span> <span class='ocrx_word' id='word_1_119' title='bbox 946 1609 1139 1644; x_wconf 88' lang='lat' dir='ltr'><strong>munus</strong></span> <span class='ocrx_word' id='word_1_120' title='bbox 1180 1591 1465 1660; x_wconf 89' lang='lat' dir='ltr'><strong>deposcere</strong></span> <span class='ocrx_word' id='word_1_121' title='bbox 1507 1589 1724 1644; x_wconf 85' lang='lat' dir='ltr'><strong>Christi.</strong></span> 
     </span>
     <span class='ocr_line' id='line_1_21' title="bbox 246 1662 1594 1735; baseline 0 -19"><span class='ocrx_word' id='word_1_122' title='bbox 246 1663 351 1718; x_wconf 90' lang='lat' dir='ltr'><strong>Hic</strong></span> <span class='ocrx_word' id='word_1_123' title='bbox 391 1665 458 1718; x_wconf 89' lang='lat' dir='ltr'><strong>ab</strong></span> <span class='ocrx_word' id='word_1_124' title='bbox 499 1663 809 1718; x_wconf 89' lang='lat' dir='ltr'><strong>Arimathia</strong></span> <span class='ocrx_word' id='word_1_125' title='bbox 846 1683 1045 1718; x_wconf 91' lang='lat' dir='ltr'><strong>nomen</strong></span> <span class='ocrx_word' id='word_1_126' title='bbox 1083 1662 1335 1735; x_wconf 81' lang='lat' dir='ltr'><strong>gestabat</strong></span> <span class='ocrx_word' id='word_1_127' title='bbox 1372 1664 1594 1734; x_wconf 84' lang='lat' dir='ltr'><strong>Ioseph,</strong></span> 
     </span>
     <span class='ocr_line' id='line_1_22' title="bbox 250 1737 1579 1808; baseline 0 -18"><span class='ocrx_word' id='word_1_128' title='bbox 250 1737 353 1800; x_wconf 83' lang='lat' dir='ltr'><strong>Qui</strong></span> <span class='ocrx_word' id='word_1_129' title='bbox 393 1738 665 1808; x_wconf 87' lang='lat' dir='ltr'><strong>quondam</strong></span> <span class='ocrx_word' id='word_1_130' title='bbox 704 1738 885 1792; x_wconf 90' lang='lat' dir='ltr'><strong>verbis</strong></span> <span class='ocrx_word' id='word_1_131' title='bbox 927 1756 1082 1791; x_wconf 91' lang='lat' dir='ltr'><strong>aures</strong></span> <span class='ocrx_word' id='word_1_132' title='bbox 1122 1738 1418 1808; x_wconf 85' lang='lat' dir='ltr'><strong>praebebat</strong></span> <span class='ocrx_word' id='word_1_133' title='bbox 1441 1737 1579 1791; x_wconf 90' lang='lat' dir='ltr'><strong>Iesu.</strong></span> 
     </span>
     <span class='ocr_line' id='line_1_23' title="bbox 244 1811 1932 1882; baseline 0.001 -18"><span class='ocrx_word' id='word_1_134' title='bbox 244 1811 486 1865; x_wconf 87' lang='lat' dir='ltr'><strong>Pilatum</strong></span> <span class='ocrx_word' id='word_1_135' title='bbox 524 1815 655 1866; x_wconf 89' lang='lat' dir='ltr'><strong>tunc</strong></span> <span class='ocrx_word' id='word_1_136' title='bbox 693 1812 796 1865; x_wconf 88' lang='lat' dir='ltr'><strong>iste</strong></span> <span class='ocrx_word' id='word_1_137' title='bbox 836 1816 1018 1882; x_wconf 85' lang='lat' dir='ltr'><strong>rogat,</strong></span> <span class='ocrx_word' id='word_1_138' title='bbox 1059 1812 1162 1865; x_wconf 90' lang='lat' dir='ltr'><strong>sibi</strong></span> <span class='ocrx_word' id='word_1_139' title='bbox 1201 1812 1384 1865; x_wconf 92' lang='lat' dir='ltr'><strong>cedere</strong></span> <span class='ocrx_word' id='word_1_140' title='bbox 1423 1811 1688 1881; x_wconf 87' lang='lat' dir='ltr'><strong>membra,</strong></span> <span class='ocrx_word' id='word_1_141' title='bbox 1848 1825 1932 1866; x_wconf 79' lang='lat'><strong>720</strong></span> 
     </span>
     <span class='ocr_line' id='line_1_24' title="bbox 248 1884 1679 1955; baseline 0.001 -18"><span class='ocrx_word' id='word_1_142' title='bbox 248 1884 379 1947; x_wconf 82' lang='lat' dir='ltr'><strong>Quis</strong></span> <span class='ocrx_word' id='word_1_143' title='bbox 418 1903 591 1955; x_wconf 85' lang='lat' dir='ltr'><strong>nuper</strong></span> <span class='ocrx_word' id='word_1_144' title='bbox 630 1886 834 1939; x_wconf 88' lang='lat' dir='ltr'><strong>tulerat</strong></span> <span class='ocrx_word' id='word_1_145' title='bbox 870 1886 1043 1939; x_wconf 84' lang='lat' dir='ltr'><strong>vitam</strong></span> <span class='ocrx_word' id='word_1_146' title='bbox 1081 1886 1162 1939; x_wconf 84' lang='lat' dir='ltr'><strong>vis</strong></span> <span class='ocrx_word' id='word_1_147' title='bbox 1201 1885 1423 1938; x_wconf 88' lang='lat' dir='ltr'><strong>horrida</strong></span> <span class='ocrx_word' id='word_1_148' title='bbox 1462 1903 1679 1954; x_wconf 90' lang='lat' dir='ltr'><strong>poenae.</strong></span> 
     </span>
     <span class='ocr_line' id='line_1_25' title="bbox 245 1957 1508 2028; baseline -0.002 -16"><span class='ocrx_word' id='word_1_149' title='bbox 245 1957 525 2012; x_wconf 88' lang='lat' dir='ltr'><strong>Concessit</strong></span> <span class='ocrx_word' id='word_1_150' title='bbox 562 1977 780 2028; x_wconf 90' lang='lat' dir='ltr'><strong>praeses</strong></span> <span class='ocrx_word' id='word_1_151' title='bbox 820 1962 875 2012; x_wconf 90' lang='lat' dir='ltr'><strong>et</strong></span> <span class='ocrx_word' id='word_1_152' title='bbox 914 1976 1106 2027; x_wconf 89' lang='lat' dir='ltr'><strong>corpus</strong></span> <span class='ocrx_word' id='word_1_153' title='bbox 1145 1958 1358 2028; x_wconf 83' lang='lat' dir='ltr'><strong>fulgida</strong></span> <span class='ocrx_word' id='word_1_154' title='bbox 1397 1958 1508 2011; x_wconf 92' lang='lat' dir='ltr'><strong>lino</strong></span> 
     </span>
     <span class='ocr_line' id='line_1_26' title="bbox 250 2031 1687 2103; baseline 0 -18"><span class='ocrx_word' id='word_1_155' title='bbox 250 2031 421 2086; x_wconf 87' lang='lat' dir='ltr'><strong>Texta</strong></span> <span class='ocrx_word' id='word_1_156' title='bbox 460 2035 653 2103; x_wconf 84' lang='lat' dir='ltr'><strong>tegunt</strong></span> <span class='ocrx_word' id='word_1_157' title='bbox 694 2032 918 2102; x_wconf 84' lang='lat' dir='ltr'><strong>saxique</strong></span> <span class='ocrx_word' id='word_1_158' title='bbox 955 2050 1095 2086; x_wconf 86' lang='lat' dir='ltr'><strong>novo</strong></span> <span class='ocrx_word' id='word_1_159' title='bbox 1136 2032 1476 2101; x_wconf 89' lang='lat' dir='ltr'><strong>componitur</strong></span> <span class='ocrx_word' id='word_1_160' title='bbox 1516 2037 1687 2085; x_wconf 78' lang='lat' dir='ltr'><strong>antro,</strong></span> 
     </span>
     <span class='ocr_line' id='line_1_27' title="bbox 248 2105 1664 2174; baseline 0 -16"><span class='ocrx_word' id='word_1_161' title='bbox 248 2106 442 2159; x_wconf 92' lang='lat' dir='ltr'><strong>Limen</strong></span> <span class='ocrx_word' id='word_1_162' title='bbox 481 2106 806 2160; x_wconf 89' lang='lat' dir='ltr'><strong>concludunt</strong></span> <span class='ocrx_word' id='word_1_163' title='bbox 844 2107 1106 2159; x_wconf 90' lang='lat' dir='ltr'><strong>immensa</strong></span> <span class='ocrx_word' id='word_1_164' title='bbox 1145 2105 1419 2159; x_wconf 83' lang='lat' dir='ltr'><strong>volumina</strong></span> <span class='ocrx_word' id='word_1_165' title='bbox 1458 2109 1664 2174; x_wconf 83' lang='lat' dir='ltr'><strong>petrae3</strong></span> 
     </span>
     <span class='ocr_line' id='line_1_28' title="bbox 245 2180 1930 2250; baseline 0 -18"><span class='ocrx_word' id='word_1_166' title='bbox 245 2180 293 2232; x_wconf 80' lang='lat' dir='ltr'>E</span> <span class='ocrx_word' id='word_1_167' title='bbox 336 2180 567 2250; x_wconf 87' lang='lat' dir='ltr'><strong>speculis</strong></span> <span class='ocrx_word' id='word_1_168' title='bbox 609 2182 827 2233; x_wconf 85' lang='lat' dir='ltr'><strong>servant</strong></span> <span class='ocrx_word' id='word_1_169' title='bbox 866 2182 1070 2232; x_wconf 89' lang='lat' dir='ltr'><strong>matres</strong></span> <span class='ocrx_word' id='word_1_170' title='bbox 1111 2182 1166 2232; x_wconf 92' lang='lat' dir='ltr'><strong>et</strong></span> <span class='ocrx_word' id='word_1_171' title='bbox 1205 2182 1397 2232; x_wconf 84' lang='lat' dir='ltr'><strong>cuncta</strong></span> <span class='ocrx_word' id='word_1_172' title='bbox 1434 2181 1670 2232; x_wconf 88' lang='lat' dir='ltr'><strong>tuentur.</strong></span> <span class='ocrx_word' id='word_1_173' title='bbox 1846 2192 1930 2233; x_wconf 79' lang='lat'><strong>725</strong></span> 
     </span>
     <span class='ocr_line' id='line_1_29' title="bbox 318 2252 1725 2324; baseline 0.001 -19"><span class='ocrx_word' id='word_1_174' title='bbox 318 2252 540 2324; x_wconf 90' lang='lat' dir='ltr'><strong>Iamque</strong></span> <span class='ocrx_word' id='word_1_175' title='bbox 581 2255 694 2307; x_wconf 90' lang='lat' dir='ltr'><strong>dies</strong></span> <span class='ocrx_word' id='word_1_176' title='bbox 733 2254 899 2307; x_wconf 86' lang='lat' dir='ltr'><strong>rutilo</strong></span> <span class='ocrx_word' id='word_1_177' title='bbox 939 2253 1247 2322; x_wconf 88' lang='lat' dir='ltr'><strong>complebat</strong></span> <span class='ocrx_word' id='word_1_178' title='bbox 1286 2252 1488 2305; x_wconf 91' lang='lat' dir='ltr'><strong>lumine</strong></span> <span class='ocrx_word' id='word_1_179' title='bbox 1528 2256 1725 2321; x_wconf 58' lang='lat' dir='ltr'><strong>terrim,</strong></span> 
     </span>
     <span class='ocr_line' id='line_1_30' title="bbox 248 2326 1521 2397; baseline -0.001 -17"><span class='ocrx_word' id='word_1_180' title='bbox 248 2326 373 2380; x_wconf 87' lang='lat' dir='ltr'><strong>Otia</strong></span> <span class='ocrx_word' id='word_1_181' title='bbox 414 2328 505 2397; x_wconf 93' lang='lat' dir='ltr'><strong>qui</strong></span> <span class='ocrx_word' id='word_1_182' title='bbox 545 2345 756 2396; x_wconf 90' lang='lat' dir='ltr'><strong>semper</strong></span> <span class='ocrx_word' id='word_1_183' title='bbox 794 2327 973 2396; x_wconf 88' lang='lat' dir='ltr'><strong>prisca</strong></span> <span class='ocrx_word' id='word_1_184' title='bbox 1012 2327 1076 2379; x_wconf 92' lang='lat' dir='ltr'><strong>de</strong></span> <span class='ocrx_word' id='word_1_185' title='bbox 1115 2327 1236 2397; x_wconf 87' lang='lat' dir='ltr'><strong>lege</strong></span> <span class='ocrx_word' id='word_1_186' title='bbox 1276 2326 1521 2395; x_wconf 79' lang='lat' dir='ltr'><strong>iubebat,</strong></span> 
     </span>
     <span class='ocr_line' id='line_1_31' title="bbox 246 2399 1686 2469; baseline -0.001 -16"><span class='ocrx_word' id='word_1_187' title='bbox 246 2399 413 2453; x_wconf 91' lang='lat' dir='ltr'><strong>Nulla</strong></span> <span class='ocrx_word' id='word_1_188' title='bbox 453 2401 544 2454; x_wconf 92' lang='lat' dir='ltr'><strong>sed</strong></span> <span class='ocrx_word' id='word_1_189' title='bbox 583 2401 790 2453; x_wconf 89' lang='lat' dir='ltr'><strong>inmitis</strong></span> <span class='ocrx_word' id='word_1_190' title='bbox 828 2419 1112 2469; x_wconf 89' lang='lat' dir='ltr'><strong>procerum</strong></span> <span class='ocrx_word' id='word_1_191' title='bbox 1151 2399 1303 2453; x_wconf 86' lang='lat' dir='ltr'><strong>furor</strong></span> <span class='ocrx_word' id='word_1_192' title='bbox 1342 2400 1456 2453; x_wconf 89' lang='lat' dir='ltr'><strong>otia</strong></span> <span class='ocrx_word' id='word_1_193' title='bbox 1496 2403 1686 2453; x_wconf 86' lang='lat' dir='ltr'><strong>servat.</strong></span> 
     </span>
     <span class='ocr_line' id='line_1_32' title="bbox 249 2471 1722 2543; baseline -0.001 -16"><span class='ocrx_word' id='word_1_194' title='bbox 249 2471 591 2527; x_wconf 81' lang='lat' dir='ltr'><strong>Conveniunt</strong></span> <span class='ocrx_word' id='word_1_195' title='bbox 631 2478 960 2543; x_wconf 86' lang='lat' dir='ltr'><strong>onerantque</strong></span> <span class='ocrx_word' id='word_1_196' title='bbox 1002 2475 1162 2527; x_wconf 91' lang='lat' dir='ltr'><strong>simul</strong></span> <span class='ocrx_word' id='word_1_197' title='bbox 1202 2475 1277 2527; x_wconf 93' lang='lat' dir='ltr'><strong>sic</strong></span> <span class='ocrx_word' id='word_1_198' title='bbox 1315 2474 1505 2526; x_wconf 88' lang='lat' dir='ltr'><strong>iudicis</strong></span> <span class='ocrx_word' id='word_1_199' title='bbox 1546 2491 1722 2526; x_wconf 88' lang='lat' dir='ltr'><strong>aures:</strong></span> 
     </span>
     <span class='ocr_line' id='line_1_33' title="bbox 249 2547 1930 2617; baseline 0 -17"><span class='ocrx_word' id='word_1_200' title='bbox 249 2547 506 2616; x_wconf 87' lang='lat' dir='ltr'><strong>„Erroris</strong></span> <span class='ocrx_word' id='word_1_201' title='bbox 545 2548 767 2617; x_wconf 89' lang='lat' dir='ltr'><strong>laqueos</strong></span> <span class='ocrx_word' id='word_1_202' title='bbox 807 2548 1106 2600; x_wconf 88' lang='lat' dir='ltr'><strong>iustissima</strong></span> <span class='ocrx_word' id='word_1_203' title='bbox 1144 2566 1319 2617; x_wconf 89' lang='lat' dir='ltr'><strong>poena</strong></span> <span class='ocrx_word' id='word_1_204' title='bbox 1357 2547 1597 2600; x_wconf 86' lang='lat' dir='ltr'><strong>resolvit.</strong></span> <span class='ocrx_word' id='word_1_205' title='bbox 1846 2560 1930 2600; x_wconf 81' lang='lat'><strong>730</strong></span> 
     </span>
     <span class='ocr_line' id='line_1_34' title="bbox 248 2619 1880 2691; baseline -0.001 -17"><span class='ocrx_word' id='word_1_206' title='bbox 248 2619 408 2674; x_wconf 91' lang='lat' dir='ltr'><strong>Nunc</strong></span> <span class='ocrx_word' id='word_1_207' title='bbox 448 2621 757 2675; x_wconf 90' lang='lat' dir='ltr'><strong>meminisse</strong></span> <span class='ocrx_word' id='word_1_208' title='bbox 797 2621 970 2690; x_wconf 80' lang='lat' dir='ltr'><strong>decet,</strong></span> <span class='ocrx_word' id='word_1_209' title='bbox 1011 2622 1265 2691; x_wconf 88' lang='lat' dir='ltr'><strong>quoniam</strong></span> <span class='ocrx_word' id='word_1_210' title='bbox 1303 2621 1497 2691; x_wconf 91' lang='lat' dir='ltr'><strong>planus</strong></span> <span class='ocrx_word' id='word_1_211' title='bbox 1537 2620 1629 2673; x_wconf 90' lang='lat' dir='ltr'><strong>ille</strong></span> <span class='ocrx_word' id='word_1_212' title='bbox 1670 2621 1880 2674; x_wconf 83' lang='lat' dir='ltr'><strong>solebat</strong></span> 
     </span>
     <span class='ocr_line' id='line_1_35' title="bbox 248 2693 1539 2765; baseline -0.001 -18"><span class='ocrx_word' id='word_1_213' title='bbox 248 2693 482 2765; x_wconf 87' lang='lat' dir='ltr'><strong>Vulgari</strong></span> <span class='ocrx_word' id='word_1_214' title='bbox 522 2713 731 2764; x_wconf 89' lang='lat' dir='ltr'><strong>semper</strong></span> <span class='ocrx_word' id='word_1_215' title='bbox 769 2695 977 2748; x_wconf 87' lang='lat' dir='ltr'><strong>iactans</strong></span> <span class='ocrx_word' id='word_1_216' title='bbox 1017 2695 1333 2764; x_wconf 90' lang='lat' dir='ltr'><strong>promittere</strong></span> <span class='ocrx_word' id='word_1_217' title='bbox 1372 2695 1539 2763; x_wconf 83' lang='lat' dir='ltr'><strong>plebi,</strong></span> 
     </span>
    </p>
   </div>
   <div class='ocr_carea' id='block_1_3' title="bbox 247 2808 1930 2974">
    <p class='ocr_par' dir='ltr' id='par_1_3' title="bbox 247 2808 1930 2974">
     <span class='ocr_line' id='line_1_36' title="bbox 367 2808 1928 2868; baseline -0.001 -14"><span class='ocrx_word' id='word_1_218' title='bbox 367 2814 453 2855; x_wconf 83' lang='lat'><strong>699</strong></span> <span class='ocrx_word' id='word_1_219' title='bbox 479 2810 700 2855; x_wconf 83' lang='lat' dir='ltr'><strong>miserum</strong></span> <span class='ocrx_word' id='word_1_220' title='bbox 721 2811 782 2854; x_wconf 88' lang='lat' dir='ltr'><strong><em>M</em></strong></span> <span class='ocrx_word' id='word_1_221' title='bbox 801 2812 816 2868; x_wconf 80' lang='grc' dir='ltr'><strong>ΙΙ</strong></span> <span class='ocrx_word' id='word_1_222' title='bbox 841 2815 925 2855; x_wconf 81' lang='grc'><strong>708</strong></span> <span class='ocrx_word' id='word_1_223' title='bbox 957 2810 1046 2854; x_wconf 82' lang='lat' dir='ltr'><strong>visi</strong></span> <span class='ocrx_word' id='word_1_224' title='bbox 1076 2810 1248 2867; x_wconf 85' lang='lat' dir='ltr'><strong>passim</strong></span> <span class='ocrx_word' id='word_1_225' title='bbox 1268 2809 1339 2865; x_wconf 82' lang='lat'><strong>0¹,</strong></span> <span class='ocrx_word' id='word_1_226' title='bbox 1363 2810 1465 2854; x_wconf 86' lang='lat' dir='ltr'><strong>visu</strong></span> <span class='ocrx_word' id='word_1_227' title='bbox 1488 2809 1664 2866; x_wconf 83' lang='lat' dir='ltr'><strong>passim</strong></span> <span class='ocrx_word' id='word_1_228' title='bbox 1684 2808 1754 2865; x_wconf 79' lang='lat'><strong>0³,</strong></span> <span class='ocrx_word' id='word_1_229' title='bbox 1778 2808 1928 2854; x_wconf 82' lang='lat' dir='ltr'><strong>visum</strong></span> 
     </span>
     <span class='ocr_line' id='line_1_37' title="bbox 247 2868 1930 2974; baseline -0.001 -61"><span class='ocrx_word' id='word_1_230' title='bbox 247 2868 609 2974; x_wconf 47' lang='grc' dir='ltr'><strong>ἒῗοεείὶῑῑέἒίᾶῗῗῖ</strong></span> <span class='ocrx_word' id='word_1_231' title='bbox 641 2884 683 2916; x_wconf 85' lang='lat' dir='ltr'><strong>v.</strong></span> <span class='ocrx_word' id='word_1_232' title='bbox 715 2883 880 2926; x_wconf 85' lang='lat' dir='ltr'><strong>passae</strong></span> <span class='ocrx_word' id='word_1_233' title='bbox 907 2872 915 2927; x_wconf 78' lang='grc' dir='ltr'>ί</span> <span class='ocrx_word' id='word_1_234' title='bbox 950 2870 1046 2914; x_wconf 87' lang='lat' dir='ltr'><strong>late</strong></span> <span class='ocrx_word' id='word_1_235' title='bbox 1083 2869 1151 2927; x_wconf 83' lang='lat'><strong>01,</strong></span> <span class='ocrx_word' id='word_1_236' title='bbox 1191 2870 1291 2915; x_wconf 77' lang='lat' dir='ltr'><strong>lata</strong></span> <span class='ocrx_word' id='word_1_237' title='bbox 1321 2868 1381 2926; x_wconf 82' lang='lat' dir='ltr'><strong>R,</strong></span> <span class='ocrx_word' id='word_1_238' title='bbox 1412 2869 1537 2914; x_wconf 83' lang='lat' dir='ltr'><strong>latae</strong></span> <span class='ocrx_word' id='word_1_239' title='bbox 1568 2869 1583 2925; x_wconf 86' lang='grc' dir='ltr'><strong>ΙΙ</strong></span> <span class='ocrx_word' id='word_1_240' title='bbox 1617 2872 1698 2913; x_wconf 83' lang='grc'><strong>731</strong></span> <span class='ocrx_word' id='word_1_241' title='bbox 1734 2868 1930 2914; x_wconf 83' lang='lat' dir='ltr'><strong>solebat:</strong></span> 
     </span>
    </p>
   </div>
  </div>
 </body>
</html>
