2038 3192
843 181 898 228 V.
930 186 1179 227 430—495.
1778 181 1847 233 19

162 305 326 357 Illum
364 321 490 356 nam
529 302 751 356 Domini
791 301 1069 355 miseratio
1109 303 1264 372 larga
1304 302 1560 355 manebit.

160 378 388 446 FeliceS,
427 394 561 446 puro
603 377 694 446 qui
733 376 942 429 caelum
983 376 1139 428 corde
1180 379 1418 444 tuentur,

161 451 411 505 Visibilis
453 450 602 504 Deus
640 450 726 503 his
765 467 862 519 per
903 450 1118 502 saecula
1157 453 1351 503 cuncta
1389 449 1617 518 patebit.

161 525 423 579 Pacificos
462 525 610 577 Deus
650 525 707 576 in
743 541 1027 576 numerum
1069 523 1174 575 sibi
1213 523 1383 592 prolis
1425 523 1667 592 adoptat.
1759 535 1844 576 465

160 599 367 653 Felices
405 598 656 666 nimium,
697 615 832 667 quos
870 597 1160 651 insectatio
1200 596 1453 649 frendens

161 674 395 742 Propter
432 671 698 725 iustitiam
736 671 959 740 premit3
999 671 1084 724 his
1127 689 1253 724 mox
1292 670 1446 741 regia
1486 671 1619 723 caeli

163 747 450 800 Pandetur.
527 744 792 810 Gaudete,
833 763 1056 814 operum
1097 763 1231 815 quos
1272 745 1417 797 iusta
1456 746 1703 796 tenentes

161 820 394 891 Urgebit
430 837 687 889 praeceps
729 819 968 872 stimulis
1006 819 1205 871 iniuria
1245 819 1441 887 saevis;

159 894 403 946 Plurima
441 911 567 946 nam
607 911 809 946 merces
849 893 1004 946 vobis
1045 896 1291 946 servatur
1328 893 1385 944 in
1426 891 1638 960 aethra,
1759 905 1845 945 470

160 966 410 1036 Namque
449 967 839 1036 prophetarum
878 966 983 1019 fuit
1020 962 1308 1020 insectatio
1347 965 1492 1018 talis,

234 1040 466 1108 Discite,
504 1059 602 1094 vos
641 1041 742 1094 hac
782 1041 839 1093 in
877 1043 1025 1093 terra
1065 1040 1196 1093 salis
1238 1058 1355 1093 esse
1396 1057 1662 1108 saporem.

159 1113 264 1168 Hic
305 1133 467 1185 sapor
506 1115 707 1168 amissa
747 1115 792 1167 si
831 1115 940 1186 iam
980 1114 1180 1167 virtute
1222 1114 1475 1183 senescit,

161 1187 308 1251 Quae
349 1188 477 1242 salis
519 1189 836 1257 absumptos
877 1191 1033 1241 acuet
1071 1187 1378 1241 substantia
1416 1186 1646 1257 gustus?

158 1261 273 1315 Nec
313 1263 600 1332 quisquam
638 1263 766 1315 vani
803 1266 929 1331 post
966 1261 1100 1315 haec
1141 1265 1388 1331 superest
1422 1261 1551 1314 salis
1583 1278 1736 1331 usus,
1761 1273 1847 1314 475

160 1335 233 1388 Ni
271 1337 432 1406 longe
473 1336 744 1389 abiectum
785 1338 978 1388 cuncta
1015 1340 1076 1389 ut
1115 1335 1349 1406 vestigia
1388 1335 1611 1388 calcent.

235 1409 350 1463 Vos
392 1411 522 1462 estis
563 1410 747 1462 mundi
788 1410 994 1463 clarum
1034 1409 1126 1480 (ne
1169 1406 1506 1480 abscondite)
1548 1409 1746 1461 lumen.

161 1483 304 1536 Nam
345 1484 464 1553 quis
503 1483 794 1551 praecelsis
833 1483 1109 1552 inpostam
1148 1484 1375 1552 rupibus
1415 1483 1604 1536 urbem

161 1555 444 1610 Occultare
488 1557 687 1626 queat?
748 1555 1008 1609 Vestrum
1049 1557 1125 1610 810
1164 1558 1349 1610 lumen
1389 1557 1456 1609 ad
1498 1575 1683 1610 omnes

158 1629 448 1684 Perveniat
486 1649 770 1700 rerumque
811 1631 970 1683 decus
1012 1631 1111 1684 sub
1152 1631 1270 1684 luce
1311 1648 1500 1683 serena
1762 1644 1849 1684 480

159 1703 416 1758 Ponatur.
478 1703 699 1757 Cunctis
739 1704 1000 1774 genitoris
1042 1704 1219 1774 gloria
1256 1704 1427 1757 vestri

157 1777 453 1847 Laudetur,
493 1778 623 1830 celsi
662 1777 891 1831 thronus
933 1781 1014 1831 est
1054 1779 1139 1831 cui
1178 1778 1331 1849 regia
1371 1778 1523 1831 caeli.

232 1850 358 1905 Non
397 1868 497 1921 ego
535 1869 679 1905 nunc
718 1852 923 1921 priscas
963 1852 1112 1920 leges
1153 1852 1448 1905 dissolvere
1488 1853 1613 1904 veni

159 1925 385 1978 Vertere
423 1942 544 1994 nec,
582 1928 790 1978 veteres
831 1929 1039 1994 ponunt
1078 1944 1215 1995 quae
1253 1926 1403 1979 iussa
1441 1926 1762 1996 prophetae3

159 1997 354 2052 Omnia
392 2017 519 2051 nam
558 1999 714 2052 vobis
754 2017 852 2068 per
890 2017 976 2052 me
1017 2000 1339 2070 complenda
1379 2000 1690 2053 manebunt.
1758 2013 1845 2053 485

157 2071 302 2125 Vera
341 2073 558 2142 loquor,
597 2073 765 2126 donec
805 2073 942 2126 caeli
980 2076 1264 2143 terraeque
1305 2075 1578 2143 marisque

156 2145 413 2199 Interitus
455 2146 662 2215 veniat,
699 2147 837 2218 legis
876 2165 943 2200 ne
983 2147 1168 2201 littera
1209 2148 1405 2201 saltem

157 2219 272 2273 Aut
312 2219 480 2291 apicis
520 2220 676 2289 parvi
716 2221 937 2290 gracilis
977 2221 1256 2275 distinctio
1299 2222 1491 2290 deerit,

157 2293 353 2356 Omnia
392 2295 521 2364 quin
558 2294 693 2347 fiant
731 2294 943 2365 digesto
985 2314 1048 2348 ex
1089 2296 1275 2349 ordine
1315 2296 1493 2349 saecli.

158 2366 216 2420 Si
255 2368 374 2438 quis
414 2367 558 2421 enim
597 2367 881 2421 minimam
921 2369 1165 2423 mandati
1205 2370 1409 2423 solvere
1449 2372 1657 2437 partem
1758 2382 1844 2423 490

156 2441 340 2494 Ausus
381 2442 504 2511 erit,
542 2442 855 2512 pariterque
894 2443 1140 2497 homines
1181 2445 1424 2497 audendo
1467 2443 1696 2512 docebit,

156 2514 262 2568 Η10
301 2514 510 2567 minimi
547 2534 746 2569 nomen
785 2517 1006 2570 caelesti
1043 2517 1102 2570 in
1142 2518 1263 2570 sede
1304 2517 1527 2571 tenebit.
1662 2528 1664 2532 ’

158 2587 234 2640 At
273 2589 596 2658 quicumque
637 2590 815 2660 operis
854 2591 1060 2660 proprii
1099 2592 1471 2645 moderamina
1512 2609 1732 2644 servans

156 2661 429 2715 Inviolata
468 2663 628 2716 simul
667 2664 848 2717 tradet
885 2669 1176 2735 praecepta
1214 2666 1482 2735 priorum,

157 2734 390 2806 Magnus
431 2736 534 2788 erit
571 2737 863 2807 magnique
901 2738 1041 2791 feret
1078 2742 1230 2792 trans
1273 2739 1449 2792 sidera
1488 2757 1700 2791 nomen.
1756 2751 1841 2790 495

277 2855 363 2896 473
398 2851 458 2906 81,
491 2851 701 2908 protinus
721 2852 774 2898 0²
798 2854 813 2910 ΙΙ
835 2857 922 2898 475
955 2854 1202 2911 quisquam
1222 2854 1290 2909 0⁷,
1318 2855 1563 2911 quicquam
1584 2853 1694 2898 MR
1716 2855 1732 2910 ΙΙ
1755 2857 1842 2897 479

158 2908 225 2954 sic
244 2909 299 2954 0¹
332 2912 426 2967 (sed
459 2924 484 2955 0
514 2924 604 2955 ras.
616 2909 675 2968 ἓ),
707 2913 787 2957 sed
810 2915 934 2970 11489
960 2913 1144 2971 digesto
1163 2914 1233 2970 0¹,
1267 2914 1452 2971 digesta
1474 2916 1490 2969 ΙΙ
1513 2918 1596 2957 491
1628 2911 1841 2957 audendo

159 2969 288 3014 0¹M
304 2969 378 3025 V1,
412 2969 649 3014 suadendo

1514 3044 1577 3088 2*
