2038 3192
183 146 257 199 40
891 145 1074 192 LIBER
1103 147 1160 191 11.

186 266 416 335 Orabat,
455 266 642 318 celeris
683 265 975 334 deposcens
1017 267 1156 320 dona
1196 268 1411 337 salutiS,

184 339 268 393 Ne
309 340 458 408 prius
499 340 566 392 ad
606 340 776 392 letum
816 342 977 392 natus
1017 341 1326 394 traheretur
1366 342 1633 395 acerbum.
1783 355 1872 396 335

180 412 437 466 Christus
479 413 543 464 ad
584 412 737 465 haec:
786 412 1007 483 „Signis
1045 414 1152 467 nisi
1191 414 1415 467 suadeat
1454 416 1636 468 omnia
1674 416 1872 486 virtuS‚

184 485 310 539 Non
353 487 455 538 erit
493 486 607 538 ulla
645 486 802 556 fides3
842 487 934 540 sed
972 505 1136 558 perge
1177 491 1231 540 et
1271 488 1473 557 sospite
1511 489 1626 542 vita

185 560 427 612 Aedibus
467 560 523 612 in
560 560 759 613 vestris
800 560 1010 613 dulcem
1049 563 1404 631 complectere
1443 565 1647 616 natum.

183 633 287 686 His
327 633 506 686 verbis
547 634 780 687 fructum
821 652 946 687 mox
984 638 1305 703 perceptura
1344 636 1536 688 salutis

185 706 419 760 Pulchra
456 707 590 759 fides
631 707 871 760 animum
909 709 1135 761 laetanti
1174 709 1230 760 in
1270 712 1486 777 pectore
1524 709 1722 763 firmat.
1784 723 1872 764 340

185 780 409 850 Iamque
447 781 552 833 iter
589 782 834 851 ingresso
874 782 1290 850 properantibus
1331 783 1491 836 obvia
1531 784 1700 836 servis

186 854 396 907 Nuntia
433 854 580 907 fama
617 855 766 908 venit
803 873 1074 924 pueroque
1113 855 1170 908 in
1209 856 1428 909 luminis
1470 875 1592 909 oras

187 927 396 980 Limine
437 929 501 980 de
540 929 730 981 mortis
771 929 1008 982 subitam
1047 947 1315 982 remeasse
1360 931 1602 983 salutem.

189 1001 289 1054 Ille
328 1002 423 1054 ubi
463 1003 739 1071 cognovit,
779 1006 987 1055 certum
1026 1021 1338 1056 concurrere
1377 1007 1591 1073 tempus

190 1075 445 1128 Sanantis
486 1074 692 1129 Christi
730 1077 935 1145 verbm,
975 1094 1197 1145 seseque
1236 1077 1559 1146 domumque
1787 1090 1876 1130 345

188 1149 466 1219 Mancipat
506 1150 780 1218 amplexus
819 1150 945 1202 fidei
982 1150 1286 1203 venerabile
1327 1151 1540 1203 donum.

262 1222 425 1275 Forte
466 1223 578 1274 dies
619 1223 792 1292 epulis
833 1223 1035 1276 multos
1077 1224 1379 1276 sociaverat
1416 1225 1562 1294 uniS,

188 1295 416 1348 Publica
454 1296 730 1349 conductis
772 1297 863 1365 qui
902 1296 1193 1366 vectigalia
1231 1298 1395 1349 lucris

188 1369 431 1422 Professi
468 1370 689 1439 rapiunt
728 1370 907 1423 alieno
947 1370 1163 1423 nomine
1202 1371 1474 1439 praedam.
1879 1417 1881 1419 ,

189 1443 306 1496 Hos
347 1462 468 1496 cum
508 1443 786 1512 discipulis
828 1443 989 1496 simul
1029 1443 1327 1512 accipiebat
1365 1444 1534 1499 Iesus,
1788 1460 1876 1500 350

189 1517 330 1570 Ecce
369 1516 650 1570 Pharisaei
690 1518 902 1570 occulto
941 1518 1330 1585 reprehendere
1369 1518 1502 1587 risu,

192 1590 346 1653 Quod
385 1591 522 1660 legis
564 1590 752 1643 doctor
791 1591 1038 1644 convivia
1076 1591 1210 1643 talia
1248 1591 1424 1644 iniret.

189 1664 290 1716 Ille
331 1665 422 1717 sed
461 1664 773 1732 inspicienS,
814 1664 940 1733 quid
979 1667 1200 1733 pectora
1240 1665 1424 1717 clausa
1462 1668 1728 1718 tenerent:

191 1737 376 1807 ,‚Non‚
415 1738 612 1807 inquit,
651 1737 870 1791 medicis
913 1756 1046 1806 opus
1088 1741 1191 1807 est,
1229 1738 1325 1790 ubi
1363 1739 1525 1791 fortia
1563 1740 1807 1792 membra

190 1811 525 1864 Intemerata
564 1812 711 1863 salus
751 1815 971 1880 vegetat
1009 1811 1225 1864 virtutis
1267 1812 1484 1865 honore.
1789 1826 1877 1866 355

191 1885 388 1954 Aegris
429 1885 522 1937 sed
562 1884 755 1937 merito
796 1885 1060 1937 miserans
1101 1885 1406 1938 adhibenda
1444 1886 1674 1939 medella
1712 1891 1810 1940 est.

192 1958 399 2011 Discite
436 1976 578 2011 nunc
618 1958 836 2026 saltem,
875 1958 1099 2010 iubeant
1141 1959 1268 2027 quid
1307 1959 1472 2012 verba
1510 1960 1829 2028 prophetae:

191 2031 318 2084 Non
356 2049 456 2102 ego
497 2050 652 2084 sacra
689 2031 864 2102 magis
906 2050 1067 2100 quam
1106 2032 1261 2084 mitia
1299 2036 1519 2100 pectora
1558 2052 1773 2101 quaero,

193 2105 345 2159 Haut
384 2106 582 2158 etenim
620 2106 793 2158 iustos
833 2106 955 2159 veni
996 2105 1062 2158 ad
1102 2105 1304 2158 directa
1342 2106 1577 2174 vianteS‚

195 2179 299 2233 Sed
337 2197 590 2232 revocare
627 2179 801 2231 malos
841 2182 1158 2247 peccantum
1198 2197 1230 2230 a
1268 2179 1442 2231 limite
1482 2179 1746 2248 greSSUS.“
1792 2193 1879 2233 360

267 2253 409 2306 Ecce
451 2253 544 2305 sed
583 2271 611 2304 e
648 2270 871 2305 numero
911 2253 1207 2304 mirantum
1246 2270 1470 2305 munera
1509 2251 1712 2306 Christi

193 2325 349 2379 Unus
387 2325 645 2379 Iohannis
686 2325 979 2395 quaerebat
1018 2325 1426 2394 discipulorum,

196 2398 305 2452 Cur
342 2400 447 2468 ipsi
486 2399 626 2470 legis
666 2399 865 2452 ieiunia
905 2398 1091 2452 erebra
1129 2402 1376 2452 tenerent

194 2472 466 2542 Nullaque
507 2474 606 2526 sub
647 2471 865 2525 Christo
904 2473 1087 2541 plebes
1126 2473 1326 2525 ieiunia
1364 2472 1544 2526 ferret.

196 2545 443 2600 Christus
484 2546 552 2598 ad
589 2546 724 2599 haec
763 2549 952 2599 contra
989 2546 1201 2614 placido
1242 2546 1318 2599 sic
1358 2564 1448 2599 ore
1487 2547 1758 2615 profatur:
1791 2560 1880 2601 365

313 2665 398 2705 347
439 2660 543 2705 unis
587 2660 707 2705 0¹M
747 2662 855 2717 (div.
888 2675 973 2705 scr.
1007 2662 1137 2716 una),
1185 2676 1301 2705 unus
1332 2661 1378 2705 R
1402 2662 1509 2707 Mat
1545 2663 1560 2718 ΙΙ
1599 2666 1684 2706 353
1719 2661 1885 2707 clausa.

197 2722 381 2764 ‘saeva‘
416 2720 487 2774 0¹,
520 2733 662 2763 saeva
684 2721 699 2777 ΙΙ
722 2725 809 2764 355
836 2720 1069 2776 ‘viresque
1099 2719 1355 2764 ministrat‘
1380 2720 1567 2764 uirtutis
1599 2722 1773 2766 honore
1807 2721 1881 2775 0¹,

195 2779 414 2835 viresque
453 2778 690 2822 ministrat
727 2779 835 2823 Mat
866 2778 954 2835 ΜΡ
985 2780 1075 2823 div.
1107 2793 1192 2823 scr.
1223 2780 1276 2823 in
1316 2778 1396 2834 V²‚
1440 2779 1627 2824 virtutis
1664 2780 1840 2824 honore
1864 2780 1880 2838 ΙΙ

117 2899 119 2901 ¹
197 2842 285 2882 356
317 2836 498 2882 miseris
532 2837 589 2881 0¹
605 2837 732 2892 Mat,
764 2836 990 2881 miserans
1014 2839 1029 2893 ΙΙ
1052 2842 1137 2881 360
1171 2837 1320 2881 limite
1355 2838 1410 2882 0¹
1437 2839 1547 2884 Mat
1570 2837 1656 2895 ΜΡ
1680 2838 1790 2893 Ber,
1821 2836 1880 2882 li-

194 2906 318 2969 mirie
354 2926 424 2981 M,
455 2924 617 2969 limine
