2038 3192
177 138 242 184 IV
781 137 1249 183 PROLEGOMENA.

180 262 393 313 tantum
425 258 603 325 habui,
636 257 830 326 quibus
861 258 919 310 in
948 260 1100 310 textu
1126 258 1499 311 constituendo
1524 258 1605 311 uti
1628 277 1857 327 possem.

179 332 245 385 A.
289 333 430 385 1870
476 330 536 383 O.
575 331 729 384 Korn
775 331 1117 384 collationem
1164 349 1333 400 paene
1382 334 1624 384 exactam
1663 332 1858 384 codicis

179 404 628 458 Helmstadiensis
678 422 812 457 saec.
857 403 936 456 XI
982 407 1035 456 et
1074 403 1403 457 Gedanensis
1451 423 1585 458 saec.
1623 404 1758 456 XIII
1802 405 1861 456 in

180 479 364 531 libello
406 478 636 547 quodam
674 477 803 544 (Die
833 477 1243 544 Handschriften
1280 479 1367 531 der
1403 477 1620 531 historia
1649 495 1860 546 euanye-

181 553 281 605 lica
325 552 410 604 des
454 551 713 603 quencus
762 551 820 603 in
868 550 1098 619 Danziy,
1144 551 1280 604 Rom
1324 553 1435 605 und
1485 551 1862 619 Wolfenbu'ttel)

179 625 312 678 iuris
357 623 562 694 publici
606 623 748 676 fecit.
828 624 907 676 Ac
954 623 1135 676 decem
1183 625 1335 677 annis
1383 628 1508 694 post
1544 624 1586 677 I.
1624 623 1863 677 Huemer

182 699 239 750 in
271 696 420 750 Stud.
447 696 678 749 Vindob.
711 697 814 749 vol.
838 695 894 748 II
926 696 1361 750 dissertationem
1392 699 1536 767 typis
1570 697 1862 765 mandavit,

184 789 318 841 quae
351 770 686 823 inscribitur:
725 770 986 823 Kritische
1015 770 1261 838 Beitra‘ye
1289 787 1383 824 zur
1412 772 1656 824 Historia
1685 770 1862 824 Evan-

175 845 342 911 ,qelica
388 845 472 897 des
517 843 770 896 Iuvencus
809 843 851 895 I
852 861 870 906 ,·
919 844 977 895 in
1023 862 1127 912 qua
1172 845 1494 897 lectionibus
1543 844 1862 913 quibusdam

184 917 381 971 codicis
414 915 719 970 Turicensis
754 934 886 970 saec.
917 916 997 969 IX
1027 917 1177 970 nisus
1210 918 1543 971 coniecturas
1574 917 1862 971 nonnullas

182 989 536 1044 commendat.

294 1063 401 1116 Uni
446 1062 779 1132 Hieronymo
837 1065 1041 1116 certum
1098 1063 1301 1133 aliquid
1355 1064 1418 1116 de
1471 1067 1632 1132 poeta
1677 1067 1864 1116 nostro

184 1137 455 1206 debemuS‚
485 1154 611 1188 nam
645 1136 806 1188 multi
840 1135 1053 1205 quidem
1077 1140 1202 1206 post
1226 1135 1616 1206 Hieronymum
1642 1137 1865 1206 scripto-

182 1228 268 1262 res
325 1209 437 1262 eius
491 1209 822 1261 mentionem
876 1209 1104 1277 faciunt,
1160 1210 1252 1263 sed
1304 1211 1443 1263 nihil
1495 1211 1643 1263 aliud
1689 1229 1752 1263 ex
1797 1210 1865 1262 iis

183 1286 424 1352 apparet,
454 1282 562 1334 nisi
594 1301 812 1335 carmen
845 1283 959 1335 eius
991 1283 1057 1335 iis
1086 1286 1273 1336 notum
1297 1284 1478 1336 fuisse.
1534 1283 1868 1336 Testimonia

183 1360 364 1409 autem
404 1356 472 1408 ab
512 1355 847 1425 Hieronymo
886 1357 1102 1424 prolata
1139 1356 1273 1410 haec
1314 1362 1453 1410 sunt.
1518 1357 1867 1411 Uberi-imum

183 1429 319 1482 illud
352 1433 448 1497 est,
481 1429 624 1497 quod
657 1429 720 1481 de
751 1429 883 1482 viris
915 1429 991 1482 ill.
1025 1447 1065 1482 c.
1091 1431 1162 1482 84
1187 1430 1250 1483 de
1276 1449 1338 1484 eo
1365 1431 1571 1484 scribit:
1604 1431 1869 1498 Iuvencus,

181 1503 493 1556 nobilissimi
518 1503 717 1570 ,ceneris
739 1503 1018 1570 Hispanus
1039 1503 1312 1571 presbyter,
1343 1508 1584 1571 quattuor
1609 1504 1870 1572 evanyelia

181 1576 489 1629 hexametris
518 1576 743 1629 versibus
769 1593 932 1643 paene
961 1577 1033 1629 acl
1059 1577 1264 1630 verbum
1296 1578 1608 1644 transferens
1629 1581 1871 1644 quattuor

184 1650 340 1703 libros
385 1650 664 1717 composuit
705 1654 753 1701 et
788 1650 1042 1702 nonnulla
1078 1651 1246 1704 eodem
1266 1655 1441 1704 metro
1479 1653 1551 1704 acl
1584 1667 1869 1704 sacramen-

183 1727 353 1776 torum
414 1723 645 1775 ordinem
697 1724 1023 1789 pertinentia.
1108 1723 1324 1777 Floruit
1379 1723 1471 1778 sub
1533 1722 1869 1778 Constantino

174 1796 425 1865 principe.
501 1794 725 1848 Accedit
773 1797 916 1864 quod
961 1796 1102 1848 idem
1148 1797 1207 1848 in
1252 1798 1504 1851 chronico
1553 1797 1621 1850 ad
1668 1816 1713 1850 a.
1761 1797 1868 1850 329

185 1869 337 1922 dicit:
386 1869 639 1922 Iuvencus
678 1870 961 1938 presbyter,
1015 1871 1222 1923 natione
1269 1871 1564 1938 HispanuS,
1610 1871 1872 1938 evanyelia

183 1943 397 1995 heroicis
451 1942 677 1995 versibus
721 1943 954 2010 explicat.
1031 1942 1147 1995 Iam
1193 1943 1251 1995 in
1295 1944 1532 1997 transitu
1577 1944 1871 1997 Iuvencum

185 2017 241 2069 in
299 2015 533 2085 epistula
588 2016 657 2067 70
713 2015 780 2068 ad
827 2015 1089 2086 Magnum
1143 2020 1414 2070 oratorem
1467 2018 1617 2070 urbis
1667 2017 1871 2070 Romae

186 2090 314 2141 data
369 2089 456 2141 his
510 2088 687 2141 verbis
742 2089 951 2141 laudat:
1006 2088 1259 2143 Iuvencus
1305 2091 1563 2159 presbyter
1607 2091 1699 2144 sub
1744 2090 1871 2144 Gon-

185 2163 413 2216 stantino
451 2162 721 2215 historiam
760 2162 980 2215 Domini
1002 2164 1290 2216 salvatoris
1326 2165 1550 2218 versibus
1587 2164 1872 2231 explicavit,

186 2253 275 2288 nec
296 2236 570 2303 pertimuit
598 2237 846 2304 evanyelii
875 2237 1190 2290 maiestatem
1219 2238 1311 2290 sub
1342 2239 1492 2291 metri
1516 2239 1641 2306 leyes
1662 2239 1871 2291 mittere.

185 2307 430 2378 Denique
470 2309 528 2361 in
567 2310 970 2363 commentariis
1010 2309 1066 2361 in
1096 2308 1292 2363 Matth.
1323 2310 1350 2362 I
1383 2312 1431 2380 2,
1476 2312 1539 2363 11
1573 2311 1658 2363 his
1694 2312 1871 2364 verbis

188 2385 381 2451 poetae
431 2383 760 2435 mentionem
806 2382 962 2436 facit:
1008 2383 1356 2437 Pulcherrime
1392 2401 1665 2438 munerum
1700 2402 1872 2438 sacra-

189 2459 361 2508 menta
415 2456 666 2509 Iuvencus
710 2456 973 2524 presbyter
1023 2474 1126 2510 uno
1180 2459 1420 2511 versiculo
1473 2458 1873 2526 comprehendit:
1971 2462 1974 2464 ’

196 2529 325 2593 Tus,
372 2546 562 2582 aurum
610 2532 708 2582 etc.
757 2528 827 2598 (V.
865 2528 893 2581 I
933 2529 1041 2583 250
1080 2527 1160 2600 s).
1238 2529 1372 2584 Cum
1411 2534 1655 2600 tempore
1694 2534 1872 2585 autem

191 2603 259 2655 ab
299 2601 632 2671 Hieronymo
680 2603 975 2656 constituto
1023 2604 1272 2657 convenit
1321 2605 1461 2674 quod
1508 2604 1770 2658 Iuvencus
1817 2605 1875 2657 in

193 2675 408 2746 epilogo
449 2675 483 2727 l.
523 2674 603 2727 IV
645 2675 752 2729 805
779 2694 847 2729 ss,
886 2676 1000 2746 ipse
1042 2676 1187 2730 dicit.

303 2748 417 2801 Iam
455 2766 653 2801 nomen
684 2750 957 2817 integrum
989 2754 1181 2819 poetae
1214 2770 1276 2804 ex
1308 2752 1461 2804 libris
1494 2750 1874 2819 manuscriptis

193 2821 507 2890 depromere
562 2822 704 2875 licet.
789 2822 969 2876 Codex
1022 2824 1163 2876 enim
1218 2826 1627 2894 antiquissimus
1685 2823 1755 2878 Ol
1802 2821 1873 2893 (v.

191 2895 254 2947 de
310 2913 371 2948 eo
427 2895 593 2965 infra)
648 2899 774 2965 post
827 2895 1216 2966 praefationem
1273 2899 1508 2968 spuriam
1563 2898 1639 2951 sic
1684 2898 1870 2950 habet:
