2038 3192
792 134 848 178 V.
883 139 1130 181 590-650,
1730 135 1799 188 75

109 255 449 325 Inferiorque
487 254 679 308 dehinc
718 254 765 307 si
803 272 928 307 mox
966 255 1191 309 conviva
1231 255 1459 324 subibit,
1708 269 1794 310 620

112 329 201 383 Ad
240 329 454 399 potiora
491 327 698 398 pudens
738 328 995 381 transibit
1034 331 1207 382 strata
1245 329 1532 384 tororum.“

185 403 441 456 Proxima
477 405 595 456 tum
635 400 870 472 Solymis
912 402 1224 455 conscendit
1263 402 1500 456 culmina
1541 403 1766 471 montis,

111 475 405 530 Ordinibus
446 477 627 530 lucent
665 493 802 545 quae
842 475 1288 544 glaucicomantis
1328 477 1517 530 olivae.

108 549 254 603 Hinc
293 550 448 603 lectis
487 550 648 603 iussit
687 552 991 603 sectantum
1031 550 1441 620 discipulorum,

109 622 286 676 Obvia
324 623 534 677 castelli
572 626 883 676 monstrans
923 623 1257 692 habitacula,
1299 623 1547 677 Christus
1708 637 1795 679 625

106 696 238 750 Inde
279 698 487 750 asinam
526 696 731 766 pariter
768 696 885 750 fetu
923 698 1219 751 comitante
1258 701 1531 767 repertam

106 770 338 840 Ducere3
375 771 463 825 vel
502 770 549 824 si
589 771 709 840 quis
749 789 964 824 causam
1006 770 1304 842 disquirere
1344 772 1529 836 vellet,

106 843 219 897 Cur
259 862 356 898 sua
393 847 509 898 tam
548 844 728 897 subito
771 863 1043 914 quoquam
1082 845 1325 898 iumenta
1362 845 1665 913 trahantur,

108 917 300 972 Dicere
339 921 490 985 tunc,
530 937 751 988 operam
790 918 1084 971 Dominum
1126 920 1231 972 sibi
1273 931 1481 972 sumere
1521 919 1675 972 velle.

104 991 376 1061 Discipuli
414 992 575 1046 celeri
614 993 887 1061 complent
925 996 1215 1062 praecepta
1252 996 1460 1061 paratu
1710 1006 1795 1046 630

104 1065 398 1120 Adducunt
435 1066 692 1135 mollique
732 1085 893 1135 super
932 1067 1197 1119 velamine
1236 1068 1402 1119 vestis

8 1159 17 1164 ⁴
104 1138 421 1192 Insternunt
459 1139 670 1210 pullum
708 1141 979 1209 placidum
1018 1141 1385 1210 praebentque
1427 1140 1733 1194 sedendum.

103 1212 249 1266 Hinc
287 1213 483 1266 veteris
524 1213 793 1282 quondam
831 1214 987 1267 fluxit
1026 1233 1130 1267 vox
1167 1216 1359 1267 nuntia
1397 1214 1561 1267 vatis:

8 1320 9 1323 =
103 1287 282 1355 „Ecce
319 1288 466 1340 venit
506 1287 747 1355 placidus
788 1288 892 1340 tibi
931 1305 1045 1354 rex,
1086 1306 1247 1356 quem
1285 1291 1440 1358 terga
1481 1288 1789 1342 sedentem.

104 1360 395 1414 Praemitis
436 1364 654 1430 gestant
694 1361 875 1415 asinae
913 1361 1157 1430 pullique
1198 1363 1519 1431 sequentiS.“
1705 1375 1791 1416 635

105 1434 255 1488 Tunc
293 1435 483 1504 populi
522 1438 722 1488 stratas
762 1438 1083 1503 praetexunt
1121 1436 1364 1489 vestibus
1405 1454 1614 1503 omneS,

103 1507 327 1577 Quaque
365 1509 470 1561 iter
510 1512 593 1560 est
632 1507 873 1577 Christo,
913 1509 1153 1562 subnexa
1191 1508 1382 1563 fronde
1421 1515 1695 1563 coronant.

103 1581 357 1634 Proxima
395 1585 522 1635 tunc
564 1582 659 1635 alii
699 1583 936 1652 spoliant
974 1583 1216 1652 palmeta
1254 1584 1429 1636 virore

103 1653 569 1724 Conclamantque
609 1675 818 1709 omnes:
857 1655 1121 1725 „Davidis
1162 1657 1372 1727 origine
1413 1660 1560 1710 creto

106 1727 328 1782 Osanna
367 1730 592 1782 excelsis
634 1729 706 1782 sit
746 1731 922 1797 gloria
961 1730 1106 1783 laeta
1144 1731 1483 1800 trophaeis!“
1708 1745 1793 1786 640

104 1801 192 1855 Sic
233 1802 366 1856 adeo
405 1803 707 1873 ingreditur
746 1801 1092 1873 Solymorum
1132 1805 1345 1857 moenia
1385 1803 1650 1859 Christus,

102 1875 358 1947 Ingresso
399 1877 632 1931 occurrit
671 1877 847 1946 primo
889 1878 988 1930 sub
1028 1878 1213 1930 limine
1252 1878 1445 1948 templi

104 1948 382 2004 Cruribus>
406 1953 567 2020 atque
607 1950 775 2004 oculis
815 1951 1066 2005 certatim
1106 1951 1280 2005 debile
1320 1953 1533 2022 vulgus,

104 2023 251 2086 Quos
290 2024 384 2076 ubi
422 2027 537 2076 tam
577 2024 758 2078 subito
799 2042 988 2094 gressu
1026 2025 1252 2095 visuque
1291 2027 1539 2097 vigentes

103 2096 311 2151 Cuncta
350 2098 688 2151 sacerdotum
728 2099 988 2168 cognovit
1026 2099 1191 2153 factio
1232 2100 1435 2154 mirans
1704 2113 1792 2154 645

102 2170 176 2224 Et
215 2189 410 2240 pueros
449 2172 642 2242 templi
680 2173 1011 2242 complentes
1051 2176 1195 2227 tecta
1234 2175 1490 2228 clamore:

103 2245 323 2309 Osanna
363 2246 582 2316 egregia
619 2245 843 2298 Davidis
885 2248 1051 2316 stirpe
1092 2251 1294 2316 creat0‚

101 2319 292 2388 Ipsum
330 2322 655 2387 percontant
694 2321 892 2389 cuncti,
934 2339 1069 2390 quae
1109 2339 1272 2375 causa
1310 2322 1560 2375 clamoris

102 2392 368 2462 Inpubem
407 2394 622 2445 tantum
661 2394 823 2446 tollat
861 2413 957 2463 per
997 2395 1193 2465 gaudia
1231 2396 1458 2465 plebem.

104 2464 356 2519 Christus
389 2466 454 2518 ad
486 2466 639 2520 haec:
677 2466 877 2538 „Legis
904 2472 1124 2522 sanctae
1148 2487 1246 2523 vos
1272 2469 1475 2539 scripta
1499 2474 1681 2523 tenere
1707 2483 1792 2524 650

229 2569 314 2610 621
347 2566 498 2611 audax
518 2566 806 2623 T**Add¹·²,
837 2568 1015 2613 audens
1048 2569 1113 2628 Sy
1139 2572 1146 2626 1
1173 2570 1366 2615 accedet
1396 2571 1460 2615 M
1469 2569 1531 2616 0²
1543 2571 1644 2616 Met
1666 2573 1681 2629 ΙΙ
1706 2575 1792 2616 644
1879 2590 1883 2593 “

102 2625 328 2683 vegentes
360 2625 416 2669 M
438 2626 454 2683 ΙΙ
488 2630 574 2670 646
605 2639 773 2671 canore
804 2628 876 2682 H,
909 2629 1043 2674 ceteri
1072 2642 1182 2686 quos
1213 2630 1402 2686 cognovi
1430 2631 1603 2675 codices
1632 2632 1794 2687 optimi

103 2689 146 2730 et
169 2685 430 2730 deteriores.-
462 2684 687 2742 clamor03
716 2687 835 2732 hanc
865 2700 1010 2732 vocem
1032 2689 1202 2734 retineo
1225 2693 1267 2733 et
1287 2690 1578 2734 statuendum
1602 2694 1666 2734 est
1688 2690 1790 2734 Iuv.

95 2745 299 2802 primam
330 2743 469 2787 huius
490 2744 612 2789 vocis
632 2745 855 2802 syllabam
878 2747 1108 2792 interdum
1130 2748 1428 2804 corripuisse;
1459 2749 1517 2802 cf.
1543 2749 1792 2793 Arevalum

103 2803 166 2848 ad
196 2816 237 2847 v.
263 2805 375 2855 648,
413 2802 497 2846 ubi
525 2803 681 2847 itidem
712 2804 928 2850 clamoris
958 2807 1266 2860 retinendum,
1305 2821 1580 2864 quamquam
1610 2806 1792 2851 timoris

101 2861 156 2906 in
194 2859 529 2915 MAT*0³**‚
574 2861 772 2906 tumoris
812 2865 864 2908 in
895 2864 934 2909 Ο
945 2864 975 2918 ²,
1022 2865 1205 2910 canoris
1243 2867 1296 2910 in
1335 2865 1412 2910 ΗΖ
1449 2866 1614 2923 leyitur
1651 2866 1666 2921 ΙΙ
1705 2869 1791 2910 649

104 2921 289 2966 tantam
320 2918 479 2963 AT**
501 2920 518 2975 ΙΙ
541 2925 628 2965 650
659 2925 773 2966 scie
798 2921 852 2967 (2⁷¹
869 2922 982 2967 V¹A
999 2924 1086 2980 ΜΡ
1102 2923 1258 2968 BT**
1269 2922 1341 2978 0³,
1372 2923 1526 2980 inquit
