2038 3192
205 177 277 230 62
898 178 1075 223 LIBER
1106 180 1184 226 III.

205 299 359 352 Talia
399 300 641 353 salvator
678 299 859 352 verbis
899 300 1220 353 caelestibus
1262 301 1369 353 edit

202 372 447 444 Virginis
488 378 541 425 et
579 376 818 425 mentem
858 373 1098 426 discusso
1138 373 1396 427 daemone
1434 376 1607 430 virtus

205 445 553 514 Complexam
593 447 842 514 implevit
882 446 1035 499 donis
1073 446 1300 500 fecunda
1341 449 1548 502 salutis,

276 520 406 572 Inde
447 519 717 572 Galilaeas
757 521 979 588 repedat
1016 524 1262 574 servator
1300 521 1356 573 in
1399 540 1522 575 oras
1804 537 1887 578 195

200 593 573 663 Praecelsique
611 594 801 663 procul
840 595 1038 646 montis
1079 594 1319 647 consedit
1357 595 1414 646 in
1454 614 1591 648 arce.

200 666 351 719 Haut
390 686 565 735 mora,
605 667 930 720 conveniunt
968 669 1154 736 populi
1194 686 1480 738 secumque
1518 670 1813 724 trahebant

199 741 334 793 Pars
375 744 562 810 captos
603 741 773 794 oculis
814 745 868 793 et
907 759 1119 793 crurum
1162 741 1337 794 debile
1374 743 1571 812 vulgus

199 814 571 885 Elinguesque
611 814 746 867 alios
787 814 1069 883 morbique
1108 816 1372 868 vocabula
1410 817 1575 871 mille.

200 888 460 941 Omnibus
498 889 591 940 ille
631 891 816 940 tamen
855 888 1142 957 languores
1183 889 1416 958 dempsit
1456 908 1694 960 amaros,
1799 905 1884 945 200

197 960 423 1014 Viribus
464 965 519 1014 et
556 961 771 1028 validis,
811 963 1114 1015 venerando
1155 959 1396 1031 munere,
1438 963 1618 1016 donat.

197 1034 335 1086 Tum
374 1035 565 1105 populi
603 1035 808 1104 pariter
846 1035 1108 1089 miracula
1147 1038 1302 1088 tanta
1340 1036 1686 1105 frequentant

195 1107 541 1178 Aeternoque
580 1109 724 1178 patri
763 1109 950 1162 laudes
991 1112 1282 1179 gratesque
1323 1110 1612 1163 celebrant.

195 1181 505 1250 Discipulos
548 1181 796 1235 Christus
837 1200 1033 1251 cogens
1072 1183 1130 1234 in
1167 1183 1367 1236 vertice
1408 1184 1609 1236 montis

195 1253 409 1308 Secrete
451 1255 781 1324 adloquitur:
820 1255 1040 1324 „Plebis
1081 1256 1357 1309 miseratio
1397 1258 1571 1309 multa
1611 1260 1715 1327 est,
1798 1271 1882 1312 205

195 1328 380 1381 Tertia
417 1348 545 1382 nam
583 1329 745 1382 terris
784 1332 1028 1381 remeant
1066 1329 1176 1382 iam
1214 1330 1422 1382 lumina
1462 1331 1617 1400 soliS,

194 1402 279 1454 Ex
320 1421 425 1472 quo
465 1403 619 1455 nulla
658 1403 764 1455 sibi
806 1406 1026 1455 sumunt
1066 1403 1326 1455 alimenta
1365 1404 1630 1476 ciborum3

191 1475 436 1529 Ieiunam
475 1477 646 1529 nolim
685 1479 895 1528 tantam
936 1476 1206 1529 dimittere
1246 1476 1482 1545 plebem,

190 1548 274 1602 Ne
311 1550 467 1602 labor
507 1550 709 1602 afficiat
747 1550 976 1618 populos
1016 1567 1114 1619 per
1151 1551 1319 1620 longa
1356 1550 1615 1602 viantesf‘

189 1622 460 1692 Discipuli
499 1621 717 1676 Christo
759 1623 1049 1676 ostendunt
1089 1626 1297 1692 septem
1341 1623 1443 1676 sibi
1482 1642 1649 1693 panes
1795 1638 1880 1679 210

189 1696 326 1749 Esse
367 1700 422 1750 et
460 1697 749 1766 pisciculos
791 1697 1052 1749 alimenta
1092 1697 1159 1748 ad
1197 1696 1444 1766 proxima
1481 1715 1698 1765 paucos,

190 1770 343 1823 Tun.
369 1771 631 1841 populum
672 1770 832 1822 iussit
869 1773 1047 1822 terrae
1086 1788 1182 1839 per
1220 1774 1377 1840 terga
1417 1771 1635 1839 cubare,

189 1842 450 1913 Quodque
487 1843 594 1896 fuit
632 1847 811 1896 totum
851 1844 1085 1912 propriis
1127 1843 1429 1913 discerpere
1468 1845 1687 1914 palmis;

187 1917 264 1969 Et
305 1920 527 1970 cunctae
569 1920 722 1969 curat
762 1917 1052 1969 mensatim
1092 1917 1282 1969 dedere
1322 1918 1486 1986 plebi.

186 1991 457 2060 Discipuli
495 1993 705 2060 ponunt
743 1991 928 2058 epulas
968 1990 1305 2058 populusque
1343 1991 1582 2059 repletur
1787 2003 1872 2044 215

186 2064 274 2116 Ad
315 2066 508 2117 satiem
549 2063 799 2132 dapibus3
838 2064 1087 2132 relegunt
1126 2081 1251 2116 mox
1290 2062 1563 2134 fragmina
1602 2064 1759 2133 panis

184 2137 261 2190 Et
302 2141 517 2206 sportas
558 2137 802 2190 referunt
841 2137 1114 2189 cumulato
1154 2137 1391 2205 pondere
1432 2140 1654 2205 septem.

186 2211 459 2274 Quattuor
499 2230 561 2264 ex
603 2210 750 2263 omni
788 2210 1005 2263 fuerant
1044 2214 1160 2262 tum
1200 2210 1354 2262 milia
1392 2210 1549 2278 plebe

182 2283 298 2338 Nec
337 2303 562 2338 numero
604 2285 888 2354 quisquam
930 2286 1133 2336 matres
1172 2301 1475 2353 puerosque
1514 2283 1740 2337 notavit.

256 2358 389 2411 Inde
428 2357 778 2428 Magedarum
818 2357 946 2411 navi
983 2358 1307 2410 transcurrit
1345 2357 1403 2409 in
1442 2375 1580 2411 oras,
1787 2371 1872 2411 220

182 2431 321 2485 Ecce
360 2431 642 2484 Pharisaei
685 2430 1084 2500 Sadducaeique
1126 2430 1301 2484 dolosi

181 2504 410 2558 Poscere
449 2508 782 2575 temptantes
821 2505 1029 2558 instant
1069 2504 1325 2558 caelestia
1367 2504 1539 2574 signa.

183 2577 287 2631 Sed
328 2577 579 2631 Christus
622 2597 842 2632 cernens
881 2578 1098 2631 fallacia
1137 2581 1359 2647 pectora
1397 2577 1565 2630 fatur:

178 2650 528 2720 „Convexum
569 2653 817 2721 quotiens
857 2652 1062 2705 claudit
1099 2671 1208 2704 nox
1245 2651 1467 2704 humida
1506 2651 1739 2722 caelum,

184 2725 239 2778 Si
280 2726 442 2778 ruber
482 2725 735 2779 astrifero
774 2726 1019 2795 procedit
1055 2743 1249 2794 vesper
1289 2726 1533 2801 olympO,
1782 2737 1867 2777 225

301 2845 384 2884 192
419 2841 532 2885 cael.
558 2840 657 2884 edit
682 2841 757 2895 V1,
788 2840 1101 2885 medicamina
1132 2841 1277 2884 donat
1303 2840 1426 2895 Mat,
1459 2842 1508 2884 et
1538 2852 1652 2884 voce
1684 2839 1866 2883 locutus

185 2899 236 2954 O,
284 2900 361 2944 sed
403 2899 443 2943 O
455 2899 468 2923 ¹
509 2901 672 2967 litteris
703 2901 895 2944 cwrsivis
926 2899 1295 2958 anglosaxonicis
1325 2900 1378 2942 in
1407 2912 1576 2944 rasura
1604 2899 1823 2954 scriptum
1853 2897 1869 2980 {J

182 2963 264 3003 196
299 2959 567 3003 conscendit
599 2959 661 3003 M
675 2959 691 3015 ss
714 2963 801 3004 205
836 2958 1021 3004 Secrete
1056 2958 1170 3002 MR
1186 2958 1293 3003 Mat
1326 2960 1426 3015 (-ae
1461 2958 1557 3014 M),
1592 2957 1777 3001 Secreto
1811 2956 1849 3001 G
