2038 3192
816 161 872 208 V.
907 166 1153 207 143—205.
1773 162 1844 215 35

161 286 469 340 Primorum
507 300 792 352 procerum
832 281 1017 335 Iudaei
1054 282 1290 335 nominis
1329 300 1467 335 unus

154 358 320 413 Venit
360 362 414 411 et
452 356 520 410 ad
559 355 840 410 Christum
880 357 1149 409 submissa
1186 374 1317 409 voce
1355 355 1626 424 profatur:

151 431 340 503 „Haut
380 430 603 484 dubium
643 433 748 498 est,
804 429 947 498 quod
994 430 1151 500 larga
1193 429 1297 482 Dei
1339 433 1417 497 te,
1475 428 1692 499 Sancte,
1747 448 1840 483 vo-

1292 504 1474 555 luntas
1758 517 1841 557 180

154 579 423 633 Humanis
464 579 639 632 lucem
679 576 944 630 concessit
984 594 1205 647 surgere
1244 578 1429 645 rebus3

152 652 266 707 Nec
307 653 593 723 quisquam
631 652 799 704 tantis
839 651 1044 703 tribuet
1080 650 1346 704 miracula
1386 650 1573 721 sigum,

151 726 225 780 Ni
264 727 525 780 comitata
562 725 663 778 Dei
702 724 887 777 iubeat
925 724 1298 794 splendescere
1336 724 1556 778 virtus.“

153 799 402 854 Christus
442 800 509 853 ad
548 799 705 852 haec:
743 797 941 868 „Iteris
979 798 1110 851 iusti
1152 800 1198 851 si
1237 798 1473 853 culmina.
1513 799 1727 868 quaeris
1737 841 1751 867 ‚

149 873 348 927 Nullus
389 874 456 926 ad
498 873 768 926 excelsum
807 873 1010 942 poterit
1049 873 1404 926 conscendere
1443 889 1697 942 regnum,
1755 885 1838 926 185

149 947 382 1001 Reddita
419 947 478 1000 ni
516 950 766 1017 penetret
805 947 1060 999 nascendi
1101 947 1320 999 exordia
1359 964 1546 998 rursus

149 1021 331 1091 Atque
368 1039 567 1075 novam
607 1021 788 1089 capiat
827 1020 1007 1073 divino
1048 1038 1268 1072 munere
1307 1020 1523 1073 vitam.“

148 1094 249 1148 Ille
289 1099 469 1148 autem
506 1094 675 1148 tantis
717 1093 1051 1162 stupefactus
1092 1094 1254 1147 corda
1293 1094 1572 1164 loquellis:

148 1168 329 1239 „Hoc,
367 1168 566 1239 inquit,
603 1171 826 1221 nostrae
863 1186 974 1221 non
1014 1171 1097 1220 est
1138 1167 1519 1237 comprendere
1560 1167 1772 1220 mentis.

151 1242 282 1306 Quis
321 1243 522 1312 poterit
561 1246 783 1311 coeptae
821 1260 1075 1295 revocare
1115 1242 1336 1295 exordia
1373 1242 1555 1295 vitae?
1753 1255 1838 1294 190

149 1317 239 1369 An
274 1334 462 1370 rursus
503 1316 682 1373 senior
720 1319 992 1386 correptet
1030 1316 1088 1368 in
1127 1316 1314 1369 alvum

149 1389 227 1443 Ut
264 1409 437 1444 novus
476 1391 534 1442 in
571 1391 743 1443 lucem
784 1391 967 1442 veniat
1004 1390 1281 1458 vitamque
1320 1388 1638 1442 revolvat?“

148 1463 249 1516 Ille
288 1465 388 1517 sub
427 1464 581 1517 haec:
620 1463 888 1533 „Liquido
929 1463 976 1515 si
1016 1464 1136 1533 quis
1177 1463 1241 1515 de
1279 1463 1433 1516 fonte
1471 1466 1691 1516 renatus

145 1537 223 1590 Et
261 1537 395 1590 flatu
435 1540 621 1590 sancto
660 1537 884 1589 rudibus
925 1538 1221 1590 consistere
1261 1537 1521 1590 membris

148 1608 421 1680 Coeperit,
461 1611 759 1664 aetheriam
800 1611 940 1663 liber
978 1611 1301 1664 conscendet
1338 1611 1396 1663 in
1435 1612 1631 1663 aulam.
1754 1624 1838 1664 195

148 1683 444 1738 Terrenum
484 1703 680 1754 corpus
718 1688 933 1737 terreno
976 1702 1200 1753 corpore
1238 1687 1429 1737 natum
1470 1689 1574 1752 est,

148 1755 382 1826 Spiritus
421 1758 558 1811 haut
597 1759 757 1811 aliter
797 1758 1031 1810 similem
1072 1761 1298 1828 generat
1338 1759 1443 1811 sibi
1482 1758 1687 1811 flatum.

151 1829 386 1900 Spiritus
425 1831 514 1885 hic
552 1831 699 1884 Deus
739 1834 842 1899 est,
882 1832 967 1884 cui
1005 1835 1199 1900 parent
1239 1833 1422 1884 omnia
1459 1831 1658 1884 mundi.

149 1903 277 1974 Hic,
315 1905 410 1958 ubi
448 1905 587 1973 vult,
629 1923 964 1975 quocumque
1005 1906 1157 1959 volat
1197 1924 1490 1974 vocemque
1530 1924 1626 1975 per
1665 1924 1822 1959 auras

146 1977 342 2043 Iactat,
383 1979 474 2032 sed
514 1981 714 2045 nescis,
754 1997 890 2048 quae
932 1979 1042 2031 sint
1085 1980 1304 2033 exordia
1342 1980 1513 2048 vociS,
1750 1993 1837 2034 200

147 2051 425 2122 Quamque
466 2055 658 2122 petant
697 2054 810 2106 eius
851 2053 1125 2106 currentia
1163 2053 1386 2107 flamina
1423 2056 1650 2123 partem.

146 2125 383 2196 Quisque
423 2126 592 2196 igitur
628 2127 806 2180 iustae
844 2127 1042 2197 repetit
1079 2128 1379 2196 primordia
1418 2128 1586 2196 vitae,

142 2198 303 2253 Hunc
342 2200 576 2254 similem
618 2202 790 2254 sancti
829 2201 991 2254 flatus
1031 2201 1354 2256 revirescere
1394 2204 1602 2255 certum
1641 2199 1772 2254 est.“

142 2272 218 2326 Et
258 2273 488 2328 Iudaeus
529 2274 596 2327 ad
634 2274 792 2328 haec:
830 2274 964 2343 „Nil
1003 2274 1197 2329 horum
1240 2294 1456 2329 cernere
1494 2274 1763 2345 possum.“

145 2345 302 2400 Talia
331 2351 450 2401 tum
482 2346 755 2401 Christus:
794 2348 1182 2418 „Solymorum
1222 2366 1417 2419 magne
1458 2348 1734 2418 magister,
1749 2360 1834 2402 205

264 2480 348 2522 182
378 2478 557 2524 tribuet
586 2479 666 2535 σι,
697 2450 879 2524 tribuaelt
910 2478 978 2533 R,
1019 2450 1182 2536 3*ξὲῗᾶ
1214 2478 1277 2522 Μ
1311 2479 1327 2534 u
1368 2482 1451 2523 187
1484 2492 1674 2523 munere
1709 2479 1833 2534 0112,

142 2535 331 2580 numine
363 2536 426 2580 M
482 2542 564 2582 191
597 2537 671 2582 An
705 2538 830 2594 G¹R‚
863 2538 959 2582 Aut
991 2539 1051 2582 M
1074 2538 1089 2595 ΙΙ
1114 2542 1198 2582 192
1230 2536 1296 2581 Ut
1314 2536 1439 2592 0¹R,
1472 2535 1534 2581 Et
1565 2538 1654 2592 Ml
1681 2538 1834 2583 revol-

142 2595 224 2660 vat
252 2594 314 2637 M
319 2595 409 2651 ΜΡ
485 2631 498 2652 ‚
527 2597 734 2643 resolvat
766 2597 836 2652 0¹,
875 2601 1083 2642 resumat
1112 2597 1159 2641 R
1189 2597 1280 2641 div.
1313 2609 1396 2641 scr.
1430 2599 1483 2640 in
1522 2596 1730 2655 V¹11203
1762 2612 1833 2642 re·
1887 2616 1891 2618 ·

141 2665 369 2698 virescere
401 2667 424 2698 e
452 2656 712 2700 coniectura
742 2655 975 2710 Reuschii,
1006 2658 1084 2701 cui
1114 2657 1360 2701 assentitur
1380 2655 1594 2709 Huemer,
1628 2657 1707 2701 sed
1736 2658 1832 2700 iam

141 2712 195 2756 in
227 2710 283 2756 0²
315 2713 505 2769 leyitur;
533 2714 821 2759 revivescere
847 2714 917 2771 0¹,
948 2715 1228 2760 reviviscere
1260 2715 1319 2770 R,
1353 2715 1580 2759 revincere
1613 2715 1676 2758 M
1691 2717 1707 2770 u
1727 2720 1832 2770 post

142 2774 230 2815 205
262 2772 367 2816 add.
401 2776 485 2816 est:
516 2771 867 2818 Israhelitarum
899 2773 1113 2819 sublimis
1145 2773 1298 2831 gloria
1329 2774 1484 2830 gentis
1512 2773 1638 2827 0¹13,
1672 2774 1828 2817 aberat

141 2830 215 2874 hic
243 2844 397 2875 versus
427 2835 468 2875 et
498 2835 751 2878 atramento
774 2833 957 2889 pallido
987 2835 1039 2878 in
1069 2834 1275 2891 maryine
1305 2834 1540 2890 suppletus
1562 2838 1626 2876 est
1649 2831 1720 2885 M,
1751 2832 1823 2875 de-

143 2894 207 2933 est
239 2888 327 2945 0²;
355 2903 509 2934 versus
537 2891 688 2947 yloesa
716 2896 780 2936 est
808 2892 890 2936 hoc
914 2893 1007 2937 loco
1031 2894 1185 2936 minus
1207 2895 1343 2948 apta,
1375 2906 1485 2936 nam
1509 2892 1546 2934 I
1564 2895 1660 2937 207
1681 2903 1827 2946 paene

143 2948 282 2992 isdem
312 2949 458 2993 verbis
490 2948 672 2994 Simeon
702 2950 858 2995 Iesum
881 2964 1082 3007 puerum
1113 2952 1276 2995 laudat

1502 3020 1566 3065 3*
