2038 3192
270 115 376 160 XVI
863 113 1342 159 PROLEGOMENA.

379 235 626 304 Denique
665 235 753 287 vix
793 234 859 286 ad
890 251 1003 286 rem
1036 234 1278 287 criticam
1309 234 1367 286 hi
1400 234 1606 287 codices
1639 236 1950 304 proficiunt:

271 309 480 363 Codex
522 307 919 360 Gedanensis
960 306 1119 359 XVII
1158 307 1222 359 A.
1262 326 1310 376 q.
1350 308 1418 360 66
1462 308 1681 362 membr.
1721 306 1780 362 4ο
1819 327 1953 363 saec.
2037 307 2038 310 ’

270 382 418 436 XIII.
496 381 574 435 Of.
622 381 773 432 Korn
819 381 852 433 1.
902 381 935 433 l.
984 400 1034 450 p.
1083 381 1116 433 2
1142 398 1232 450 ss,
1287 381 1377 450 qui
1434 382 1728 450 scripturas
1775 383 1953 436 varias

274 474 457 509 omnes
507 455 812 523 exscripsit,
863 453 955 506 sed
994 453 1197 522 passim
1237 455 1459 524 erravit3
1507 455 1738 524 exempli
1777 456 1955 526 gratia

270 526 1108 656 isffissifftifiaffieffiffsshirissffl
1147 526 1425 654 &aiga-12³
1462 528 1714 655 ῙΘέΞἜᾶέΧ
1729 530 1953 656 θῖἷιέἐῒ

1286 640 1303 655 ¹·
1327 643 1354 669 ο,
1937 633 1956 641 ⁸-
1994 665 1998 676 μ

271 694 418 729 oeus
470 677 515 728 1.
563 675 695 744 plut.
742 673 928 726 XXIII
980 674 1047 728 15
1087 676 1308 727 membr.
1351 692 1485 728 saec.
1523 674 1626 727 XV
1664 679 1718 728 et
1758 675 1955 730 Medi·

272 767 418 803 ceus
460 750 507 802 2.
540 749 674 817 plut.
712 747 894 800 XXVI
934 748 1005 800 20
1048 749 1217 801 chart.
1250 767 1384 802 saec.
1416 748 1739 802 XV—XVI.
1799 749 1956 804 Uter-

273 841 373 892 que
436 841 499 874 ex
562 821 750 874 eodem
809 821 1099 890 archetypo
1156 822 1427 875 derivatus
1484 822 1717 892 videtur,
1778 827 1838 876 ut
1892 842 1957 877 ex

271 895 591 949 lectionibus
645 895 830 959 variiS,
886 912 1018 964 quas
1065 894 1123 948 L.
1169 895 1293 965 Ieep
1340 896 1397 948 in
1443 913 1622 949 meum
1668 913 1826 950 usum
1870 915 1957 951 ex-

274 969 505 1038 scripsit,
548 972 786 1037 apparet.
834 999 892 1006 —-
938 967 1118 1038 Atque
1159 987 1222 1021 ex
1263 970 1449 1022 eodem
1490 970 1784 1039 archetypo
1826 970 1958 1024 deri-

274 1046 428 1096 vatus
484 1046 567 1094 est
621 1042 814 1095 codex
860 1041 1066 1094 Musei
1112 1042 1477 1096 Britannici
1532 1043 1726 1096 addit.
1778 1045 1959 1097 19744

272 1117 438 1169 chart.
496 1113 554 1168 8Ο
599 1134 643 1168 a.
695 1115 1071 1168 1467—1468.
1118 1145 1178 1159 ν-
1225 1114 1431 1169 Codex
1479 1116 1815 1170 Parisinus
1863 1118 1958 1171 lat.

276 1190 417 1243 8321
459 1189 658 1256 partim
699 1188 867 1241 chart.
907 1190 1105 1256 partim
1147 1190 1384 1259 membr„
1424 1190 1554 1243 olim
1595 1189 1959 1259 ColbertinuS,

274 1280 407 1315 saec.
439 1261 556 1315 XV.
618 1261 821 1314 Paucas
861 1261 1119 1314 lectiones
1151 1262 1330 1314 varias
1361 1262 1431 1315 H.
1463 1263 1660 1316 Dierks
1692 1264 1749 1316 in
1780 1283 1958 1316 meum

273 1354 429 1389 usum
479 1335 776 1404 exscripsit.
819 1364 887 1373 —
929 1333 1140 1388 Codex
1187 1334 1633 1389 Gandavensis
1686 1338 1749 1390 17
1801 1335 1959 1408 (463)

275 1410 498 1462 membr.
528 1409 732 1461 formae
766 1427 903 1461 max.
938 1427 982 1460 a.
1012 1410 1374 1463 1480-1505
1404 1410 1643 1462 continet
1669 1408 1960 1480 Sedulium,

273 1482 588 1549 lav-cneum,
642 1481 1054 1534 Monotesseron
1107 1481 1366 1535 Iohannis
1426 1483 1634 1536 Gerson
1680 1482 1769 1553 (ex
1817 1484 1959 1538 libro

277 1575 321 1608 a.
359 1556 494 1608 1471
532 1554 839 1623 impresso),
872 1555 1287 1608 commentarios
1313 1555 1688 1609 Monotesseri.
1758 1557 1958 1610 Textus

273 1629 492 1682 Iuvenci
541 1628 912 1698 apographum
955 1628 1204 1681 editionis
1246 1647 1386 1682 anno
1428 1630 1639 1683 circiter
1680 1630 1824 1683 1500
1862 1630 1961 1682 im-

276 1721 494 1771 pressae
536 1705 631 1754 est.
694 1701 1023 1772 Fragmenta
1057 1701 1274 1755 Iuvenci
1314 1703 1479 1755 etiam
1517 1703 1575 1755 in
1615 1704 1785 1756 altero
1819 1704 1958 1757 libro

277 1775 512 1828 Gandav.
562 1774 742 1845 (462),
790 1775 881 1843 qui
926 1775 1336 1829 Monotesseron
1383 1777 1646 1844 continet,
1692 1777 1961 1847 leguntur.

275 1849 636 1901 Poelmannus
684 1850 742 1899 in
787 1848 1021 1900 editione
1070 1867 1167 1900 sua
1206 1849 1461 1917 paranda'
1487 1847 1684 1920 (1537)
1725 1850 1962 1903 codicem

277 1921 446 1975 Gand.
502 1921 729 1974 contulit
784 1919 873 1990 (cf.
921 1920 1215 1974 Arevalum
1262 1923 1421 1990 proll.
1471 1920 1579 1993 70).
1629 1953 1698 1960 -
1747 1922 1962 1976 Codex

275 1996 428 2048 bibl.
483 1995 752 2064 collegii
808 1994 1077 2047 Romani
1132 1995 1301 2048 chart.
1359 2014 1491 2048 saec.
1546 1994 1669 2062 XV,
1735 1996 1798 2048 de
1855 2015 1959 2065 quo

276 2069 396 2122 vide
436 2067 729 2120 Arevalum
769 2068 925 2137 proll.
965 2069 1049 2120 50.

389 2141 537 2204 Quae
577 2159 696 2194 cum
736 2140 815 2193 ita
855 2141 978 2210 sint,
1016 2145 1200 2193 tamen
1236 2159 1343 2194 non
1386 2160 1571 2194 omnes
1605 2142 1811 2194 codices
1844 2143 1960 2211 ipse

279 2215 519 2268 conferre
582 2215 667 2267 vel
732 2231 1055 2284 cognoscere
1108 2215 1277 2284 potui.
1355 2213 1722 2267 Nihilominus
1779 2218 1959 2268 autem

280 2288 486 2342 codices
527 2307 558 2340 a
590 2305 674 2340 me
706 2288 1115 2356 praetermissos
1155 2288 1371 2358 neglegi
1409 2306 1567 2358 posse
1599 2289 1800 2358 putavi,
1841 2307 1960 2341 cum

280 2380 464 2415 omnes
520 2361 733 2414 saeculo
788 2379 930 2414 nono
978 2361 1260 2414 inferiores
1309 2363 1418 2414 sint
1465 2365 1519 2414 et
1566 2362 1772 2414 codices
1823 2362 1960 2414 anti-

281 2436 493 2504 quiores
536 2435 602 2487 ad
641 2452 754 2486 rem
795 2435 1036 2487 criticam
1078 2434 1363 2488 sufficiant.
1432 2435 1538 2488 Hic
1578 2435 1785 2488 codices
1827 2453 1961 2488 saec.

279 2508 329 2560 X
369 2512 423 2560 et
460 2507 538 2560 XI
576 2510 791 2560 tantum
831 2527 863 2560 a
902 2526 986 2560 me
1025 2526 1133 2561 non
1172 2509 1442 2561 adhibitos
1482 2509 1801 2562 nominabo:
1841 2508 1962 2561 Mo-

279 2582 582 2634 nacensis
627 2581 807 2634 19454
839 2599 972 2634 saec.
1004 2580 1077 2651 X3
1116 2582 1171 2633 in
1205 2581 1381 2634 Gallia
1413 2585 1495 2634 est
1528 2580 1961 2650 Spinaliensis

284 2656 354 2707 74
416 2673 550 2707 saec.
611 2654 662 2706 X
716 2658 770 2706 et
816 2655 1165 2707 Ambianus
1221 2656 1330 2708 404
1385 2654 1539 2722 (olim
1595 2652 1958 2724 Corbeiensis)

283 2746 417 2782 saec.
441 2727 512 2795 X3
545 2729 602 2779 in
633 2727 794 2780 Italia
828 2727 1300 2781 Ambrosianus
1334 2727 1548 2782 Mediol.
1583 2728 1623 2783 C
1652 2730 1721 2781 74
1754 2746 1887 2781 saec.
1912 2727 1962 2779 X

283 2799 373 2871 (cf.
405 2801 702 2866 Dummler‚
743 2806 931 2870 poetae
973 2802 1090 2854 aevi
1123 2801 1363 2856 Carolini
1401 2803 1426 2855 Ι
1466 2822 1514 2871 p.
1552 2801 1684 2871 441)
1725 2805 1778 2853 et
1820 2800 1959 2854 Cas-

285 2875 565 2928 sinensis
591 2876 698 2928 326
725 2894 859 2928 saec.
878 2874 1137 2927 XI—XII
1162 2875 1250 2946 (cf.
1269 2876 1663 2944 Reifferscheid,
1687 2874 1960 2944 Sitzungs-
