2038 3192
832 141 887 186 V.
922 146 1171 187 268—333.
1769 141 1840 193 39

150 267 406 320 Gesserat
443 265 564 332 ipsa
602 263 753 332 prius
794 279 1184 332 quaecumque,
1224 280 1286 314 ex
1328 261 1513 314 ordine
1554 260 1711 314 dicta.
1751 274 1838 313 300

151 341 293 393 Tum
333 355 560 408 propere
600 335 880 390 Christum
920 335 1072 387 fusae
1112 335 1314 403 petiere
1355 338 1615 388 catervae.

153 412 419 481 Discipuli
458 412 666 464 interea
703 409 1040 480 rogitabant,
1080 413 1318 461 sumeret
1357 427 1522 462 escas,

148 486 251 539 Ille
292 485 423 538 satis
465 484 570 537 sibi
609 484 955 552 pulchrorum
996 500 1274 550 superesse
1315 482 1558 535 ciborum

153 559 467 628 Respondit.
546 557 651 611 Sed
689 561 805 610 tum
844 556 1140 608 mirantum
1181 556 1569 625 discipulorum

150 633 305 686 Inter
346 651 402 685 se
442 631 668 685 occultis
709 631 959 683 currebat
998 648 1174 682 sermo
1214 630 1491 699 loquellis:
1755 641 1841 681 305

154 705 357 777 „Forte
397 705 591 774 aliquis
631 704 780 773 prior
819 704 908 756 1110
949 704 1135 772 epulas
1178 703 1324 756 dedit
1364 706 1489 755 ante
1529 703 1814 774 magistro,

158 781 389 834 Nosti-as
429 784 490 832 ut
528 778 720 831 merito
763 778 990 830 satiatus
1031 781 1252 846 respuat
1293 777 1491 830 escas,“

152 853 257 907 Ille
297 853 389 905 sed
427 853 670 905 internae
710 870 931 905 cernens
972 851 1255 904 molimina
1294 851 1518 904 mentis:

152 925 311 997 „Hae
350 926 485 978 mihi
525 929 651 979 sunt
691 926 904 995 epulae,
943 929 1130 995 pectus
1171 924 1462 977 satiabitur
1499 923 1670 991 istud,

158 999 216 1054 Si
253 999 450 1054 faciam
489 999 677 1071 magni
716 1000 977 1069 genitoris
1018 999 1165 1051 iussa
1204 1017 1300 1067 per
1339 999 1540 1050 orbem.
1761 1009 1846 1048 310

157 1074 435 1138 Quattuor
472 1073 599 1127 hinc
638 1091 850 1126 menses
890 1073 1066 1125 laetae
1107 1073 1174 1124 ad
1214 1071 1511 1140 primordia
1551 1071 1743 1123 messis

158 1148 473 1218 Frugiferae
514 1148 737 1200 aestatis
778 1149 922 1200 certe
963 1164 1245 1215 superesse
1284 1146 1506 1215 putatis

155 1222 372 1290 Erigite
413 1239 541 1292 ergo
583 1222 787 1290 0011103,
828 1221 1070 1274 albentes
1112 1220 1313 1272 cernite
1353 1237 1612 1288 campos,

155 1294 469 1364 Cunctaque
509 1298 778 1348 maturam
817 1295 926 1347 iam
965 1313 1093 1346 rura
1132 1311 1416 1361 exposcere
1456 1310 1700 1345 messem.

155 1369 316 1423 Nunc
356 1364 676 1438 quicumque
715 1371 908 1434 metet,
947 1368 1160 1436 pulchri
1200 1367 1441 1420 mercede
1481 1366 1684 1419 laboris
1762 1378 1847 1419 315

155 1442 437 1512 Vitalique
478 1442 669 1495 dehinc
710 1442 969 1511 gaudebit
1007 1441 1164 1511 fruge
1203 1441 1507 1493 redundans

157 1517 234 1570 Et
273 1520 423 1569 sator
463 1515 692 1585 accipiet
730 1534 1032 1568 messorum
1071 1515 1268 1585 gaudia
1306 1516 1495 1567 laetus.

156 1590 274 1643 Vos
315 1607 415 1659 ego
453 1608 595 1642 nunc
634 1589 758 1642 misi
799 1590 1080 1660 gravidam
1121 1589 1389 1641 succidere
1429 1606 1685 1657 messem,

157 1663 309 1726 Quae
346 1682 458 1716 non
498 1666 580 1716 est
619 1667 800 1716 vestro
843 1663 1006 1716 sulcis
1045 1664 1247 1715 inserta
1285 1662 1485 1714 labore.

154 1736 273 1790 Vos
314 1737 492 1789 aliena
529 1737 703 1789 bonae
743 1737 995 1789 ditabunt
1034 1754 1257 1788 munera
1294 1734 1513 1804 frugiS.“
1763 1748 1848 1787 320

155 1810 385 1863 Talibus
426 1810 692 1879 adloquiis
733 1811 990 1863 comitum
1031 1810 1157 1862 dum
1196 1812 1416 1878 pectora
1454 1809 1709 1877 complet,

158 1883 300 1938 Ecce
344 1882 675 1936 Samaritum
714 1884 902 1968 populi
941 1901 1136 1936 venere
1175 1885 1434 1953 rogantes

158 1958 512 2026 Exorantque
551 1958 664 2010 illic
706 1958 951 2028 geminos
991 1957 1283 2025 inpendere
1324 1957 1481 2010 soles,

160 2031 382 2100 Iamque
421 2031 552 2084 fides
594 2031 796 2084 multos
835 2032 1011 2101 plebis
1050 2031 1374 2084 fundaverat
1413 2031 1546 2099 alta,

161 2103 275 2158 Nec
313 2104 423 2157 iam
461 2104 708 2158 femineis
747 2108 963 2159 tantum
1002 2105 1319 2160 concredere
1358 2104 1537 2157 verbis
1763 2117 1848 2156 325

156 2178 341 2248 Ips08,
381 2179 475 2232 sed
514 2197 699 2232 coram
737 2179 911 2232 virtus
952 2178 1241 2231 manifesta
1282 2178 1532 2246 docebat,

162 2251 420 2306 Venisset
460 2253 623 2306 saecli
663 2253 805 2323 quod
843 2253 954 2306 iam
994 2255 1240 2306 servator
1277 2252 1444 2304 Iesus,

239 2325 461 2395 Iamque
502 2325 805 2379 Galilaeam
842 2330 1178 2380 remeaverat
1215 2327 1273 2378 in
1310 2326 1611 2396 regionem,

163 2397 450 2460 Quondam
489 2400 585 2453 ubi
622 2400 875 2454 fontanas
917 2401 1041 2453 vino
1082 2402 1388 2453 mutaverat
1427 2399 1612 2452 11111103.

166 2471 368 2542 Regius
406 2472 495 2526 hic
532 2474 764 2542 iuveniS,
804 2474 890 2527 cui
927 2479 1117 2527 natum
1158 2474 1378 2527 morbus
1419 2473 1614 2525 anhelo
1766 2486 1852 2525 330

167 2545 375 2598 Ardore
414 2548 668 2600 extremis
709 2549 854 2601 vitae
892 2549 1140 2602 torrebat
1179 2548 1236 2600 in
1275 2547 1407 2615 0113,

165 2617 448 2688 Comperit
484 2623 545 2672 ut
584 2619 865 2675 Christum
904 2625 1048 2676 certo
1088 2639 1358 2674 remeasse
1398 2638 1630 2689 recursu,

164 2691 408 2745 Advolat
447 2696 502 2745 et
539 2694 789 2763 precibus
830 2696 1038 2749 subolis
1076 2712 1175 2765 pro
1217 2698 1362 2748 sorte
1401 2693 1637 2764 profusis

288 2871 373 2911 323
405 2866 657 2923 inpendere
691 2867 800 2914 0¹13
834 2869 908 2927 (01
938 2868 1085 2927 imp),
1118 2869 1376 2926 expendere
1411 2869 1474 2913 M
1504 2869 1519 2923 {l
1558 2872 1643 2912 331
1677 2865 1854 2910 Ardore

169 2924 296 2981 0¹R,
328 2925 519 2970 Ardoris
554 2927 614 2970 M
