2038 3192
822 157 876 202 V.
912 162 1159 204 ess—750.
1757 157 1825 210 27

141 280 247 332 Illa
286 280 476 332 domus
515 277 714 348 pluviis
752 277 1035 346 ventisque
1076 278 1281 331 inlaesa
1320 279 1563 332 manebit

141 353 570 421 Torrentumque
608 351 783 404 minas
822 351 1040 404 firmato
1079 352 1274 405 robore
1313 353 1515 422 vincet,

138 426 383 480 Haerent
420 426 660 479 inmotae
700 424 956 495 quoniam
994 424 1311 478 fundamina
1348 430 1549 495 petrae.
1742 440 1827 480 720

138 500 244 563 Qui
282 518 408 553 vero
450 499 636 554 auditu
674 502 888 552 tantum
926 517 1047 552 mea
1084 499 1234 552 iussa
1272 500 1480 552 tenebit

138 573 489 644 Diversisque
526 573 718 643 procul
756 572 916 626 factis
956 590 1054 641 per
1091 572 1301 626 lubrica
1339 576 1552 644 perget,

136 646 297 701 Hunc
338 647 572 700 similem
609 646 829 715 faciam,
867 646 1074 699 volucri
1113 647 1206 716 qui
1244 646 1400 700 fulcit
1437 647 1640 700 harena

134 720 512 774 Fundamenta
552 719 765 789 domus;
805 719 980 789 primo
1022 721 1107 773 cui
1147 720 1366 773 flamine
1405 722 1552 773 venti

135 794 212 848 Et
249 795 434 863 pluvia
473 793 667 847 infusis
707 794 884 862 coepit
924 812 1047 846 cum
1085 795 1394 847 incumbere
1433 795 1587 863 riviS,
1740 808 1825 848 725

137 867 325 921 Omnis
366 869 622 921 subverso
662 867 972 937 procumbit
1009 867 1246 937 pondere
1286 868 1457 920 moles

135 941 552 1012 Insequiturque
593 942 748 1012 gravi
787 945 1059 994 tectorum
1099 945 1281 1012 strage
1320 941 1523 995 ruina.“

212 1015 366 1069 Talia
405 1015 674 1069 dicentem
713 1033 916 1085 magna
955 1015 1243 1068 admiratio
1282 1015 1460 1085 plebis

135 1088 448 1142 Inmensum
491 1089 720 1159 stupuit,
761 1088 1016 1158 quoniam
1055 1089 1466 1142 transcenderat
1506 1090 1615 1142 alte

135 1161 453 1216 Doctrinam
491 1166 732 1216 veterum
774 1161 993 1216 Christo
1033 1180 1289 1216 concessa
1326 1166 1586 1232 potestas,
1739 1177 1824 1218 730

208 1236 453 1307 Denique
491 1237 825 1306 linquentem
866 1235 995 1290 celsi
1031 1235 1257 1307 fastigia
1296 1237 1498 1290 montis

135 1308 390 1379 Stipabat
429 1310 671 1382 gaudens
709 1311 1036 1380 populorum
1074 1312 1236 1363 turba
1275 1314 1610 1380 sequentum.

132 1383 275 1437 Ecce
314 1385 407 1437 sed
446 1384 716 1437 horrenda
754 1384 994 1437 confixus
1033 1384 1244 1437 viscera
1282 1385 1430 1454 tabe,

132 1455 304 1519 Quem
343 1460 463 1512 toto
504 1458 785 1511 obsessum
823 1457 1073 1510 foedarat
1110 1475 1337 1527 corpore
1375 1458 1550 1528 lepra,

133 1530 431 1585 Procubuit
467 1549 730 1584 venerans
769 1531 977 1584 iuvenis
1012 1529 1396 1602 Christumque
1434 1536 1712 1601 precatur:
1739 1546 1822 1586 735

131 1602 242 1673 „Ut
281 1623 494 1658 caream
533 1605 754 1659 tandem
793 1605 1072 1675 languoris
1112 1605 1348 1674 pondere
1386 1606 1549 1675 tanti,

131 1675 376 1732 Sufficiet
414 1678 654 1732 voluisse
692 1678 895 1731 tuum.“
956 1677 1095 1731 Tum
1135 1679 1354 1732 dextera
1393 1678 1599 1733 Christi

131 1751 359 1805 Attactu
400 1753 514 1805 solo
553 1752 810 1822 purgavit
847 1751 1026 1804 lurida
1064 1753 1322 1805 membra.

130 1824 504 1894 Incolumique
545 1825 737 1879 dehinc
777 1826 949 1879 celare
989 1826 1122 1878 haec
1162 1826 1361 1896 gaudia
1399 1827 1582 1897 iussit,

130 1898 207 1952 Et
246 1899 356 1968 legi
393 1917 590 1969 parens
631 1899 852 1953 offerret
891 1917 1116 1953 munera
1154 1901 1376 1969 temp10.
1737 1915 1822 1955 740

205 1971 337 2025 Inde
375 1973 648 2026 recedenti
688 1973 916 2042 supplex
955 1991 1012 2026 se
1051 1973 1298 2042 protinus
1339 1974 1497 2027 offert

132 2043 390 2100 Centurio
431 2050 487 2100 et
522 2046 771 2116 precibus
811 2046 1085 2115 proiectus
1125 2047 1329 2100 talibus
1371 2052 1516 2102 orat:

129 2119 394 2190 „Inpubis
433 2121 584 2190 pueri
623 2121 892 2174 cruciatur
931 2120 1154 2189 spiritus
1195 2139 1369 2192 aeger,

131 2191 298 2247 Cuius
337 2197 532 2247 cuncta
569 2212 762 2264 repens
802 2194 1170 2248 membrorum
1210 2195 1395 2248 munia
1434 2195 1668 2266 languor

129 2266 400 2337 Dissolvit
436 2267 710 2351 vitamque
749 2271 899 2321 tenet
935 2269 1046 2321 iam
1084 2287 1260 2338 poena
1301 2272 1590 2339 superstes,
1735 2283 1821 2323 745

131 2339 235 2394 Sed
271 2341 423 2394 iussu
461 2341 715 2394 miserere
754 2359 960 2411 precor,
997 2361 1125 2395 nam
1163 2345 1310 2396 tecta
1350 2343 1530 2396 subire

132 2412 374 2467 Crimina
411 2418 602 2468 nostra
639 2418 827 2468 vetant
864 2415 1009 2469 vitae
1049 2415 1290 2486 lucisque
1327 2420 1624 2485 parentem.

130 2486 291 2540 Nunc
328 2488 494 2541 verbo
535 2489 670 2542 satis
710 2491 793 2542 est
831 2489 1017 2542 iubeas
1057 2508 1296 2543 remeare
1336 2490 1584 2543 salutem.

132 2559 413 2614 Subiectos
451 2561 587 2614 1111111
625 2580 783 2646 saepe
822 2563 965 2616 viros
1007 2563 1083 2616 sic
1121 2567 1311 2617 nostra
1348 2567 1593 2634 potestas

131 2633 336 2687 Officiis
375 2634 542 2688 verbo
582 2636 743 2689 iussis
783 2655 971 2706 parere
1011 2637 1237 2706 coeg1t“
1733 2651 1818 2691 750

252 2769 338 2809 724
368 2763 555 2808 flamine
590 2764 648 2810 0¹
663 2765 738 2811 V¹
752 2765 783 2822 ²,
815 2765 1006 2812 flamina
1028 2769 1043 2824 {1
1070 2771 1153 2811 725
1185 2766 1353 2811 infusis
1389 2766 1598 2823 0¹M(in
1613 2768 1724 2822 ras.)
1744 2766 1818 2821 Vl,

131 2822 289 2868 effusis
311 2824 328 2880 ll
352 2827 438 2867 736
470 2836 655 2868 caream
682 2823 753 2880 0¹,
787 2827 946 2871 careat
967 2826 982 2882 ss
1008 2831 1090 2870 737
1126 2825 1337 2870 Sufficiat
1356 2825 1426 2881 0¹,
1462 2825 1672 2870 Sufficiet
1693 2826 1708 2882 ss
1735 2801 1818 2870 '139’

131 2882 283 2927 celare
316 2883 431 2927 haec
462 2881 636 2939 gaudia
664 2882 731 2939 R,
778 2897 862 2930 om.
894 2885 1011 2929 haec
1046 2883 1209 2929 01M*
1226 2885 1300 2928 V1·
1314 2884 1330 2910 ²
1368 2886 1384 2941 ΙΙ
1426 2889 1510 2930 740
1543 2883 1729 2929 offerret
1758 2884 1818 2938 R,

130 2939 293 2986 offerre
324 2939 426 2996 M*,
459 2939 594 2986 offers
629 2940 684 2988 0²
