<?xml version="1.0" encoding="UTF-8"?>
<!DOCTYPE html PUBLIC "-//W3C//DTD XHTML 1.0 Transitional//EN"
    "http://www.w3.org/TR/xhtml1/DTD/xhtml1-transitional.dtd">
<html xmlns="http://www.w3.org/1999/xhtml" xml:lang="en" lang="en">
 <head>
  <title>
</title>
<meta http-equiv="Content-Type" content="text/html;charset=utf-8" />
  <meta name='ocr-system' content='tesseract 3.04.00' />
  <meta name='ocr-capabilities' content='ocr_page ocr_carea ocr_par ocr_line ocrx_word'/>
</head>
<body>
  <div class='ocr_page' id='page_1' title='image "./librievangelioru00juveuoft_0080.png"; bbox 0 0 2038 3192; ppageno 0'>
   <div class='ocr_carea' id='block_1_1' title="bbox 231 155 1210 208">
    <p class='ocr_par' dir='ltr' id='par_1_1' title="bbox 231 155 1210 208">
     <span class='ocr_line' id='line_1_1' title="bbox 231 155 1210 208; baseline -0.008 0"><span class='ocrx_word' id='word_1_1' title='bbox 231 155 301 208; x_wconf 83' lang='lat'>58</span> <span class='ocrx_word' id='word_1_2' title='bbox 924 155 1104 199; x_wconf 87' lang='lat' dir='ltr'>LIBER</span> <span class='ocrx_word' id='word_1_3' title='bbox 1134 155 1210 201; x_wconf 88' lang='grc' dir='ltr'>ΠΙ.</span> 
     </span>
    </p>
   </div>
   <div class='ocr_carea' id='block_1_2' title="bbox 217 275 1913 2842">
    <p class='ocr_par' dir='ltr' id='par_1_2' title="bbox 229 275 1468 346">
     <span class='ocr_line' id='line_1_2' title="bbox 229 275 1468 346; baseline 0.001 -17"><span class='ocrx_word' id='word_1_4' title='bbox 229 276 350 345; x_wconf 90' lang='lat' dir='ltr'>lpse</span> <span class='ocrx_word' id='word_1_5' title='bbox 390 276 483 328; x_wconf 90' lang='lat' dir='ltr'>sed</span> <span class='ocrx_word' id='word_1_6' title='bbox 522 275 579 328; x_wconf 92' lang='lat' dir='ltr'>in</span> <span class='ocrx_word' id='word_1_7' title='bbox 618 275 809 344; x_wconf 89' lang='lat' dir='ltr'>primis</span> <span class='ocrx_word' id='word_1_8' title='bbox 849 277 1045 328; x_wconf 75' lang='lat' dir='ltr'>mirata</span> <span class='ocrx_word' id='word_1_9' title='bbox 1083 275 1310 346; x_wconf 82' lang='lat' dir='ltr'>virginis</span> <span class='ocrx_word' id='word_1_10' title='bbox 1351 280 1468 330; x_wconf 74' lang='lat' dir='ltr'>arte</span> 
     </span>
    </p>

    <p class='ocr_par' dir='ltr' id='par_1_3' title="bbox 227 350 1913 640">
     <span class='ocr_line' id='line_1_3' title="bbox 229 350 1679 419; baseline 0.001 -17"><span class='ocrx_word' id='word_1_11' title='bbox 229 350 514 403; x_wconf 71' lang='lat' dir='ltr'>Attonitus</span> <span class='ocrx_word' id='word_1_12' title='bbox 556 350 785 417; x_wconf 70' lang='lat' dir='ltr'>stupuib3</span> <span class='ocrx_word' id='word_1_13' title='bbox 826 352 942 402; x_wconf 73' lang='lat' dir='ltr'>tum</span> <span class='ocrx_word' id='word_1_14' title='bbox 981 350 1224 418; x_wconf 89' lang='lat' dir='ltr'>praemia</span> <span class='ocrx_word' id='word_1_15' title='bbox 1263 354 1454 403; x_wconf 72' lang='lat' dir='ltr'>cuncta</span> <span class='ocrx_word' id='word_1_16' title='bbox 1493 354 1679 419; x_wconf 72' lang='lat' dir='ltr'>patere</span> 
     </span>
     <span class='ocr_line' id='line_1_4' title="bbox 229 423 1913 493; baseline 0.002 -17"><span class='ocrx_word' id='word_1_17' title='bbox 229 423 446 476; x_wconf 75' lang='lat' dir='ltr'>Iuratus</span> <span class='ocrx_word' id='word_1_18' title='bbox 486 423 737 491; x_wconf 74' lang='lat' dir='ltr'>spondet,</span> <span class='ocrx_word' id='word_1_19' title='bbox 778 440 1140 492; x_wconf 87' lang='lat' dir='ltr'>quaecumque</span> <span class='ocrx_word' id='word_1_20' title='bbox 1179 424 1362 491; x_wconf 87' lang='lat' dir='ltr'>puella</span> <span class='ocrx_word' id='word_1_21' title='bbox 1399 426 1639 493; x_wconf 72' lang='lat' dir='ltr'>petisset.</span> <span class='ocrx_word' id='word_1_22' title='bbox 1858 440 1913 480; x_wconf 89' lang='grc'>60</span> 
     </span>
     <span class='ocr_line' id='line_1_5' title="bbox 228 497 1748 566; baseline 0.002 -18"><span class='ocrx_word' id='word_1_23' title='bbox 228 497 334 549; x_wconf 92' lang='lat' dir='ltr'>Illa</span> <span class='ocrx_word' id='word_1_24' title='bbox 375 497 467 548; x_wconf 90' lang='lat' dir='ltr'>sed</span> <span class='ocrx_word' id='word_1_25' title='bbox 507 497 806 549; x_wconf 82' lang='lat' dir='ltr'>horrendae</span> <span class='ocrx_word' id='word_1_26' title='bbox 847 514 1067 549; x_wconf 89' lang='lat' dir='ltr'>servans</span> <span class='ocrx_word' id='word_1_27' title='bbox 1109 497 1313 549; x_wconf 88' lang='lat' dir='ltr'>scelera</span> <span class='ocrx_word' id='word_1_28' title='bbox 1350 497 1519 566; x_wconf 89' lang='lat' dir='ltr'>impia</span> <span class='ocrx_word' id='word_1_29' title='bbox 1557 499 1748 551; x_wconf 76' lang='lat' dir='ltr'>matris</span> 
     </span>
     <span class='ocr_line' id='line_1_6' title="bbox 227 569 1487 640; baseline 0 -18"><span class='ocrx_word' id='word_1_30' title='bbox 227 570 425 640; x_wconf 77' lang='lat' dir='ltr'>Urget,</span> <span class='ocrx_word' id='word_1_31' title='bbox 464 569 723 622; x_wconf 86' lang='lat' dir='ltr'>Iohannis</span> <span class='ocrx_word' id='word_1_32' title='bbox 765 573 925 638; x_wconf 68' lang='lat' dir='ltr'>caput</span> <span class='ocrx_word' id='word_1_33' title='bbox 964 588 996 621; x_wconf 85' lang='lat' dir='ltr'>a</span> <span class='ocrx_word' id='word_1_34' title='bbox 1034 570 1236 623; x_wconf 87' lang='lat' dir='ltr'>cervice</span> <span class='ocrx_word' id='word_1_35' title='bbox 1276 571 1487 639; x_wconf 83' lang='lat' dir='ltr'>revelli,</span> 
     </span>
    </p>

    <p class='ocr_par' dir='ltr' id='par_1_4' title="bbox 227 643 1912 933">
     <span class='ocr_line' id='line_1_7' title="bbox 227 643 1611 714; baseline 0.001 -18"><span class='ocrx_word' id='word_1_36' title='bbox 227 644 304 696; x_wconf 76' lang='lat' dir='ltr'>Et</span> <span class='ocrx_word' id='word_1_37' title='bbox 343 644 497 696; x_wconf 90' lang='lat' dir='ltr'>lance</span> <span class='ocrx_word' id='word_1_38' title='bbox 536 643 724 695; x_wconf 85' lang='lat' dir='ltr'>inferri</span> <span class='ocrx_word' id='word_1_39' title='bbox 764 643 1068 711; x_wconf 81' lang='lat' dir='ltr'>praesentia</span> <span class='ocrx_word' id='word_1_40' title='bbox 1107 662 1331 696; x_wconf 89' lang='lat' dir='ltr'>munera</span> <span class='ocrx_word' id='word_1_41' title='bbox 1370 662 1611 714; x_wconf 78' lang='lat' dir='ltr'>poscens,</span> 
     </span>
     <span class='ocr_line' id='line_1_8' title="bbox 228 716 1828 788; baseline 0 -18"><span class='ocrx_word' id='word_1_42' title='bbox 228 717 582 770; x_wconf 74' lang='lat' dir='ltr'>Praesentum</span> <span class='ocrx_word' id='word_1_43' title='bbox 621 716 863 769; x_wconf 89' lang='lat' dir='ltr'>Herodes</span> <span class='ocrx_word' id='word_1_44' title='bbox 903 735 1184 785; x_wconf 89' lang='lat' dir='ltr'>procerum</span> <span class='ocrx_word' id='word_1_45' title='bbox 1224 718 1323 770; x_wconf 91' lang='lat' dir='ltr'>sub</span> <span class='ocrx_word' id='word_1_46' title='bbox 1362 719 1596 788; x_wconf 87' lang='lat' dir='ltr'>pondere</span> <span class='ocrx_word' id='word_1_47' title='bbox 1634 718 1828 788; x_wconf 72' lang='lat' dir='ltr'>tristis,</span> 
     </span>
     <span class='ocr_line' id='line_1_9' title="bbox 228 790 1912 862; baseline 0.002 -20"><span class='ocrx_word' id='word_1_48' title='bbox 228 790 555 859; x_wconf 90' lang='lat' dir='ltr'>Iurandique</span> <span class='ocrx_word' id='word_1_49' title='bbox 596 809 801 843; x_wconf 90' lang='lat' dir='ltr'>memor</span> <span class='ocrx_word' id='word_1_50' title='bbox 839 791 971 842; x_wconf 88' lang='lat' dir='ltr'>iuris</span> <span class='ocrx_word' id='word_1_51' title='bbox 1010 793 1196 843; x_wconf 73' lang='lat' dir='ltr'>tamen</span> <span class='ocrx_word' id='word_1_52' title='bbox 1232 791 1463 860; x_wconf 72' lang='lat' dir='ltr'>imperat</span> <span class='ocrx_word' id='word_1_53' title='bbox 1504 810 1684 862; x_wconf 83' lang='lat' dir='ltr'>aegre,</span> <span class='ocrx_word' id='word_1_54' title='bbox 1857 805 1912 846; x_wconf 84' lang='lat'>65</span> 
     </span>
     <span class='ocr_line' id='line_1_10' title="bbox 228 864 1449 933; baseline 0 -17"><span class='ocrx_word' id='word_1_55' title='bbox 228 864 469 918; x_wconf 72' lang='lat' dir='ltr'>Insontis</span> <span class='ocrx_word' id='word_1_56' title='bbox 511 867 671 933; x_wconf 74' lang='lat' dir='ltr'>caput</span> <span class='ocrx_word' id='word_1_57' title='bbox 710 864 898 916; x_wconf 85' lang='lat' dir='ltr'>inferri</span> <span class='ocrx_word' id='word_1_58' title='bbox 937 864 1183 933; x_wconf 76' lang='lat' dir='ltr'>tradique</span> <span class='ocrx_word' id='word_1_59' title='bbox 1221 865 1449 932; x_wconf 90' lang='lat' dir='ltr'>puellae.</span> 
     </span>
    </p>

    <p class='ocr_par' dir='ltr' id='par_1_5' title="bbox 224 937 1837 1155">
     <span class='ocr_line' id='line_1_11' title="bbox 225 937 1837 1008; baseline 0.001 -18"><span class='ocrx_word' id='word_1_60' title='bbox 225 937 331 991; x_wconf 91' lang='lat' dir='ltr'>Illa</span> <span class='ocrx_word' id='word_1_61' title='bbox 367 967 430 976; x_wconf 90' lang='lat'>--</span> <span class='ocrx_word' id='word_1_62' title='bbox 466 938 619 990; x_wconf 90' lang='lat' dir='ltr'>nefas</span> <span class='ocrx_word' id='word_1_63' title='bbox 658 968 717 975; x_wconf 94' lang='lat'>—</span> <span class='ocrx_word' id='word_1_64' title='bbox 755 937 947 990; x_wconf 70' lang='lat' dir='ltr'>matris</span> <span class='ocrx_word' id='word_1_65' title='bbox 988 939 1252 991; x_wconf 73' lang='lat' dir='ltr'>scelerata</span> <span class='ocrx_word' id='word_1_66' title='bbox 1292 939 1359 991; x_wconf 87' lang='lat' dir='ltr'>ad</span> <span class='ocrx_word' id='word_1_67' title='bbox 1399 940 1598 1006; x_wconf 83' lang='lat' dir='ltr'>gaudia</span> <span class='ocrx_word' id='word_1_68' title='bbox 1636 942 1837 1008; x_wconf 75' lang='lat' dir='ltr'>portat.</span> 
     </span>
     <span class='ocr_line' id='line_1_12' title="bbox 225 1010 1782 1080; baseline 0.001 -16"><span class='ocrx_word' id='word_1_69' title='bbox 225 1010 482 1080; x_wconf 81' lang='lat' dir='ltr'>Corporis</span> <span class='ocrx_word' id='word_1_70' title='bbox 523 1014 580 1064; x_wconf 71' lang='lat' dir='ltr'>ab</span> <span class='ocrx_word' id='word_1_71' title='bbox 619 1013 855 1064; x_wconf 88' lang='lat' dir='ltr'>lacerum</span> <span class='ocrx_word' id='word_1_72' title='bbox 895 1011 1087 1063; x_wconf 71' lang='lat' dir='ltr'>flentes</span> <span class='ocrx_word' id='word_1_73' title='bbox 1127 1011 1241 1064; x_wconf 91' lang='lat' dir='ltr'>sine</span> <span class='ocrx_word' id='word_1_74' title='bbox 1280 1014 1496 1065; x_wconf 89' lang='lat' dir='ltr'>nomine</span> <span class='ocrx_word' id='word_1_75' title='bbox 1534 1016 1782 1065; x_wconf 72' lang='lat' dir='ltr'>truncum</span> 
     </span>
     <span class='ocr_line' id='line_1_13' title="bbox 224 1083 1762 1155; baseline 0.001 -18"><span class='ocrx_word' id='word_1_76' title='bbox 224 1084 491 1154; x_wconf 84' lang='lat' dir='ltr'>Discipuli</span> <span class='ocrx_word' id='word_1_77' title='bbox 531 1086 768 1138; x_wconf 73' lang='lat' dir='ltr'>condunt</span> <span class='ocrx_word' id='word_1_78' title='bbox 806 1089 984 1139; x_wconf 69' lang='lat' dir='ltr'>terrae</span> <span class='ocrx_word' id='word_1_79' title='bbox 1025 1083 1409 1155; x_wconf 73' lang='lat' dir='ltr'>Christumque</span> <span class='ocrx_word' id='word_1_80' title='bbox 1449 1090 1762 1155; x_wconf 73' lang='lat' dir='ltr'>sequuntur.</span> 
     </span>
    </p>

    <p class='ocr_par' dir='ltr' id='par_1_6' title="bbox 223 1158 1909 1374">
     <span class='ocr_line' id='line_1_14' title="bbox 297 1158 1909 1228; baseline 0.002 -17"><span class='ocrx_word' id='word_1_81' title='bbox 297 1158 401 1211; x_wconf 94' lang='lat' dir='ltr'>Ille</span> <span class='ocrx_word' id='word_1_82' title='bbox 441 1159 533 1211; x_wconf 90' lang='lat' dir='ltr'>ubi</span> <span class='ocrx_word' id='word_1_83' title='bbox 572 1160 826 1227; x_wconf 74' lang='lat' dir='ltr'>cognovit</span> <span class='ocrx_word' id='word_1_84' title='bbox 863 1158 993 1210; x_wconf 69' lang='lat' dir='ltr'>iusti</span> <span class='ocrx_word' id='word_1_85' title='bbox 1032 1159 1336 1211; x_wconf 85' lang='lat' dir='ltr'>miserabile</span> <span class='ocrx_word' id='word_1_86' title='bbox 1376 1160 1567 1228; x_wconf 75' lang='lat' dir='ltr'>letum,</span> <span class='ocrx_word' id='word_1_87' title='bbox 1855 1173 1909 1214; x_wconf 81' lang='lat'>70</span> 
     </span>
     <span class='ocr_line' id='line_1_15' title="bbox 225 1230 1526 1300; baseline 0.001 -16"><span class='ocrx_word' id='word_1_88' title='bbox 225 1230 444 1285; x_wconf 71' lang='lat' dir='ltr'>Deserit</span> <span class='ocrx_word' id='word_1_89' title='bbox 480 1233 682 1284; x_wconf 74' lang='lat' dir='ltr'>insonti</span> <span class='ocrx_word' id='word_1_90' title='bbox 721 1233 987 1300; x_wconf 72' lang='lat' dir='ltr'>pollutam</span> <span class='ocrx_word' id='word_1_91' title='bbox 1027 1232 1288 1300; x_wconf 85' lang='lat' dir='ltr'>sanguine</span> <span class='ocrx_word' id='word_1_92' title='bbox 1326 1236 1526 1285; x_wconf 77' lang='lat' dir='ltr'>terram</span> 
     </span>
     <span class='ocr_line' id='line_1_16' title="bbox 223 1304 1597 1374; baseline 0.001 -16"><span class='ocrx_word' id='word_1_93' title='bbox 223 1304 606 1374; x_wconf 84' lang='lat' dir='ltr'>Frondosaque</span> <span class='ocrx_word' id='word_1_94' title='bbox 645 1305 781 1357; x_wconf 64' lang='lat' dir='ltr'>latei]</span> <span class='ocrx_word' id='word_1_95' title='bbox 822 1309 1057 1357; x_wconf 75' lang='lat' dir='ltr'>secretae</span> <span class='ocrx_word' id='word_1_96' title='bbox 1096 1305 1255 1357; x_wconf 86' lang='lat' dir='ltr'>vallis</span> <span class='ocrx_word' id='word_1_97' title='bbox 1294 1306 1352 1357; x_wconf 94' lang='lat' dir='ltr'>in</span> <span class='ocrx_word' id='word_1_98' title='bbox 1389 1308 1597 1359; x_wconf 82' lang='lat' dir='ltr'>umbra.</span> 
     </span>
    </p>

    <p class='ocr_par' dir='ltr' id='par_1_7' title="bbox 227 1378 1681 1448">
     <span class='ocr_line' id='line_1_17' title="bbox 227 1378 1681 1448; baseline 0 -16"><span class='ocrx_word' id='word_1_99' title='bbox 227 1378 331 1432; x_wconf 82' lang='lat' dir='ltr'>Sed</span> <span class='ocrx_word' id='word_1_100' title='bbox 371 1379 560 1448; x_wconf 90' lang='lat' dir='ltr'>populi</span> <span class='ocrx_word' id='word_1_101' title='bbox 600 1380 894 1431; x_wconf 86' lang='lat' dir='ltr'>immensae</span> <span class='ocrx_word' id='word_1_102' title='bbox 932 1378 1150 1431; x_wconf 69' lang='lat' dir='ltr'>virtutis</span> <span class='ocrx_word' id='word_1_103' title='bbox 1191 1378 1330 1431; x_wconf 87' lang='lat' dir='ltr'>dona</span> <span class='ocrx_word' id='word_1_104' title='bbox 1370 1384 1681 1448; x_wconf 73' lang='lat' dir='ltr'>sequuntur.</span> 
     </span>
    </p>

    <p class='ocr_par' dir='ltr' id='par_1_8' title="bbox 223 1452 1909 1669">
     <span class='ocr_line' id='line_1_18' title="bbox 223 1452 1560 1505; baseline 0.001 -1"><span class='ocrx_word' id='word_1_105' title='bbox 223 1452 323 1504; x_wconf 89' lang='lat' dir='ltr'>Ille</span> <span class='ocrx_word' id='word_1_106' title='bbox 362 1452 456 1505; x_wconf 92' lang='lat' dir='ltr'>ubi</span> <span class='ocrx_word' id='word_1_107' title='bbox 496 1453 809 1505; x_wconf 74' lang='lat' dir='ltr'>credentum</span> <span class='ocrx_word' id='word_1_108' title='bbox 846 1452 1033 1504; x_wconf 75' lang='lat' dir='ltr'>turbas</span> <span class='ocrx_word' id='word_1_109' title='bbox 1074 1453 1131 1504; x_wconf 92' lang='lat' dir='ltr'>in</span> <span class='ocrx_word' id='word_1_110' title='bbox 1170 1453 1310 1505; x_wconf 89' lang='lat' dir='ltr'>valle</span> <span class='ocrx_word' id='word_1_111' title='bbox 1349 1457 1560 1505; x_wconf 76' lang='lat' dir='ltr'>remota</span> 
     </span>
     <span class='ocr_line' id='line_1_19' title="bbox 225 1524 1909 1594; baseline 0.002 -16"><span class='ocrx_word' id='word_1_112' title='bbox 225 1524 554 1578; x_wconf 84' lang='lat' dir='ltr'>Convenisse</span> <span class='ocrx_word' id='word_1_113' title='bbox 594 1526 763 1594; x_wconf 73' lang='lat' dir='ltr'>videt,</span> <span class='ocrx_word' id='word_1_114' title='bbox 803 1525 1116 1578; x_wconf 88' lang='lat' dir='ltr'>morborum</span> <span class='ocrx_word' id='word_1_115' title='bbox 1154 1526 1281 1578; x_wconf 71' lang='lat' dir='ltr'>tabe</span> <span class='ocrx_word' id='word_1_116' title='bbox 1319 1527 1535 1594; x_wconf 89' lang='lat' dir='ltr'>repulsa</span> <span class='ocrx_word' id='word_1_117' title='bbox 1855 1541 1909 1582; x_wconf 77' lang='lat'>75</span> 
     </span>
     <span class='ocr_line' id='line_1_20' title="bbox 224 1598 1585 1669; baseline -0.001 -16"><span class='ocrx_word' id='word_1_118' title='bbox 224 1598 467 1669; x_wconf 83' lang='lat' dir='ltr'>Corpora</span> <span class='ocrx_word' id='word_1_119' title='bbox 508 1599 736 1652; x_wconf 77' lang='lat' dir='ltr'>subiecit</span> <span class='ocrx_word' id='word_1_120' title='bbox 775 1599 1059 1651; x_wconf 74' lang='lat' dir='ltr'>miseratus</span> <span class='ocrx_word' id='word_1_121' title='bbox 1100 1599 1273 1651; x_wconf 77' lang='lat' dir='ltr'>multa</span> <span class='ocrx_word' id='word_1_122' title='bbox 1311 1600 1585 1652; x_wconf 89' lang='lat' dir='ltr'>medellae.</span> 
     </span>
    </p>

    <p class='ocr_par' dir='ltr' id='par_1_9' title="bbox 220 1672 1625 1814">
     <span class='ocr_line' id='line_1_21' title="bbox 295 1672 1625 1741; baseline 0.001 -17"><span class='ocrx_word' id='word_1_123' title='bbox 295 1672 519 1741; x_wconf 88' lang='lat' dir='ltr'>Iamque</span> <span class='ocrx_word' id='word_1_124' title='bbox 559 1673 658 1725; x_wconf 89' lang='lat' dir='ltr'>sub</span> <span class='ocrx_word' id='word_1_125' title='bbox 701 1676 940 1724; x_wconf 75' lang='lat' dir='ltr'>extremo</span> <span class='ocrx_word' id='word_1_126' title='bbox 980 1672 1214 1724; x_wconf 76' lang='lat' dir='ltr'>labentis</span> <span class='ocrx_word' id='word_1_127' title='bbox 1254 1672 1456 1724; x_wconf 87' lang='lat' dir='ltr'>lumine</span> <span class='ocrx_word' id='word_1_128' title='bbox 1497 1673 1625 1726; x_wconf 90' lang='lat' dir='ltr'>solis</span> 
     </span>
     <span class='ocr_line' id='line_1_22' title="bbox 220 1745 1574 1814; baseline -0.001 -15"><span class='ocrx_word' id='word_1_129' title='bbox 220 1746 489 1814; x_wconf 80' lang='lat' dir='ltr'>Discipuli</span> <span class='ocrx_word' id='word_1_130' title='bbox 529 1745 744 1799; x_wconf 72' lang='lat' dir='ltr'>Christo</span> <span class='ocrx_word' id='word_1_131' title='bbox 786 1746 1012 1798; x_wconf 72' lang='lat' dir='ltr'>suadent</span> <span class='ocrx_word' id='word_1_132' title='bbox 1050 1746 1321 1798; x_wconf 63' lang='lat' dir='ltr'>dimitssere</span> <span class='ocrx_word' id='word_1_133' title='bbox 1361 1747 1574 1814; x_wconf 73' lang='lat' dir='ltr'>turbaS,</span> 
     </span>
    </p>

    <p class='ocr_par' dir='ltr' id='par_1_10' title="bbox 219 1819 1906 2035">
     <span class='ocr_line' id='line_1_23' title="bbox 219 1819 1862 1889; baseline 0 -17"><span class='ocrx_word' id='word_1_134' title='bbox 219 1819 298 1873; x_wconf 72' lang='lat' dir='ltr'>Ut</span> <span class='ocrx_word' id='word_1_135' title='bbox 336 1820 441 1872; x_wconf 89' lang='lat' dir='ltr'>sibi</span> <span class='ocrx_word' id='word_1_136' title='bbox 481 1819 705 1889; x_wconf 90' lang='lat' dir='ltr'>quisque</span> <span class='ocrx_word' id='word_1_137' title='bbox 743 1823 898 1888; x_wconf 71' lang='lat' dir='ltr'>pareb</span> <span class='ocrx_word' id='word_1_138' title='bbox 938 1837 1198 1887; x_wconf 87' lang='lat' dir='ltr'>quaerens</span> <span class='ocrx_word' id='word_1_139' title='bbox 1237 1837 1333 1887; x_wconf 87' lang='lat' dir='ltr'>per</span> <span class='ocrx_word' id='word_1_140' title='bbox 1371 1820 1606 1889; x_wconf 71' lang='lat' dir='ltr'>compita</span> <span class='ocrx_word' id='word_1_141' title='bbox 1643 1820 1862 1873; x_wconf 70' lang='lat' dir='ltr'>victum.</span> 
     </span>
     <span class='ocr_line' id='line_1_24' title="bbox 219 1893 1906 1962; baseline 0.001 -17"><span class='ocrx_word' id='word_1_142' title='bbox 219 1893 320 1945; x_wconf 92' lang='lat' dir='ltr'>Ille</span> <span class='ocrx_word' id='word_1_143' title='bbox 359 1893 510 1946; x_wconf 71' lang='lat' dir='ltr'>iubet</span> <span class='ocrx_word' id='word_1_144' title='bbox 549 1893 752 1946; x_wconf 74' lang='lat' dir='ltr'>cunctis</span> <span class='ocrx_word' id='word_1_145' title='bbox 793 1893 994 1944; x_wconf 88' lang='lat' dir='ltr'>ibidem</span> <span class='ocrx_word' id='word_1_146' title='bbox 1035 1893 1282 1945; x_wconf 85' lang='lat' dir='ltr'>convivia</span> <span class='ocrx_word' id='word_1_147' title='bbox 1320 1893 1463 1962; x_wconf 89' lang='lat' dir='ltr'>poni.</span> <span class='ocrx_word' id='word_1_148' title='bbox 1848 1905 1906 1947; x_wconf 88' lang='lat'>80</span> 
     </span>
     <span class='ocr_line' id='line_1_25' title="bbox 220 1965 1669 2035; baseline 0 -16"><span class='ocrx_word' id='word_1_149' title='bbox 220 1967 489 2035; x_wconf 87' lang='lat' dir='ltr'>Discipuli</span> <span class='ocrx_word' id='word_1_150' title='bbox 528 1965 839 2034; x_wconf 69' lang='lat' dir='ltr'>ostendunb,</span> <span class='ocrx_word' id='word_1_151' title='bbox 877 1966 957 2017; x_wconf 94' lang='lat' dir='ltr'>nil</span> <span class='ocrx_word' id='word_1_152' title='bbox 997 1966 1228 2034; x_wconf 88' lang='lat' dir='ltr'>amplius</span> <span class='ocrx_word' id='word_1_153' title='bbox 1270 1984 1384 2018; x_wconf 87' lang='lat' dir='ltr'>esse</span> <span class='ocrx_word' id='word_1_154' title='bbox 1426 1967 1669 2019; x_wconf 89' lang='lat' dir='ltr'>ciborum</span> 
     </span>
    </p>

    <p class='ocr_par' dir='ltr' id='par_1_11' title="bbox 220 2038 1685 2109">
     <span class='ocr_line' id='line_1_26' title="bbox 220 2038 1685 2109; baseline -0.001 -16"><span class='ocrx_word' id='word_1_155' title='bbox 220 2040 294 2093; x_wconf 91' lang='lat' dir='ltr'>Ni</span> <span class='ocrx_word' id='word_1_156' title='bbox 332 2040 507 2109; x_wconf 88' lang='lat' dir='ltr'>pisces</span> <span class='ocrx_word' id='word_1_157' title='bbox 547 2039 791 2107; x_wconf 86' lang='lat' dir='ltr'>geminos</span> <span class='ocrx_word' id='word_1_158' title='bbox 832 2043 887 2091; x_wconf 75' lang='lat' dir='ltr'>et</span> <span class='ocrx_word' id='word_1_159' title='bbox 924 2038 1084 2095; x_wconf 86' lang='lat' dir='ltr'>farris</span> <span class='ocrx_word' id='word_1_160' title='bbox 1123 2038 1396 2107; x_wconf 87' lang='lat' dir='ltr'>fragmina</span> <span class='ocrx_word' id='word_1_161' title='bbox 1435 2041 1685 2107; x_wconf 89' lang='lat' dir='ltr'>quinque.</span> 
     </span>
    </p>

    <p class='ocr_par' dir='ltr' id='par_1_12' title="bbox 218 2111 1903 2403">
     <span class='ocr_line' id='line_1_27' title="bbox 220 2111 1903 2183; baseline -0.001 -17"><span class='ocrx_word' id='word_1_162' title='bbox 220 2113 398 2183; x_wconf 86' lang='lat' dir='ltr'>„Hoc,</span> <span class='ocrx_word' id='word_1_163' title='bbox 437 2113 635 2182; x_wconf 77' lang='lat' dir='ltr'>inquit,</span> <span class='ocrx_word' id='word_1_164' title='bbox 677 2113 807 2166; x_wconf 77' lang='lat' dir='ltr'>satis</span> <span class='ocrx_word' id='word_1_165' title='bbox 834 2111 960 2165; x_wconf 67' lang='lat' dir='ltr'>estf‘</span> <span class='ocrx_word' id='word_1_166' title='bbox 999 2111 1136 2164; x_wconf 90' lang='lat' dir='ltr'>Tum</span> <span class='ocrx_word' id='word_1_167' title='bbox 1169 2130 1291 2164; x_wconf 87' lang='lat' dir='ltr'>mox</span> <span class='ocrx_word' id='word_1_168' title='bbox 1324 2112 1658 2165; x_wconf 88' lang='lat' dir='ltr'>discumbere</span> <span class='ocrx_word' id='word_1_169' title='bbox 1689 2113 1903 2181; x_wconf 90' lang='lat' dir='ltr'>plebem</span> 
     </span>
     <span class='ocr_line' id='line_1_28' title="bbox 223 2185 1658 2256; baseline -0.001 -17"><span class='ocrx_word' id='word_1_170' title='bbox 223 2187 630 2256; x_wconf 85' lang='lat' dir='ltr'>Gramineisque</span> <span class='ocrx_word' id='word_1_171' title='bbox 669 2186 805 2239; x_wconf 72' lang='lat' dir='ltr'>toris</span> <span class='ocrx_word' id='word_1_172' title='bbox 844 2185 1004 2238; x_wconf 76' lang='lat' dir='ltr'>iussit</span> <span class='ocrx_word' id='word_1_173' title='bbox 1042 2203 1362 2254; x_wconf 90' lang='lat' dir='ltr'>componere</span> <span class='ocrx_word' id='word_1_174' title='bbox 1403 2186 1658 2238; x_wconf 87' lang='lat' dir='ltr'>membra.</span> 
     </span>
     <span class='ocr_line' id='line_1_29' title="bbox 220 2259 1898 2329; baseline -0.001 -16"><span class='ocrx_word' id='word_1_175' title='bbox 220 2260 631 2329; x_wconf 69' lang='lat' dir='ltr'>suspiciensque</span> <span class='ocrx_word' id='word_1_176' title='bbox 670 2260 860 2312; x_wconf 92' lang='lat' dir='ltr'>dehinc</span> <span class='ocrx_word' id='word_1_177' title='bbox 898 2259 1105 2312; x_wconf 86' lang='lat' dir='ltr'>caelum</span> <span class='ocrx_word' id='word_1_178' title='bbox 1145 2259 1389 2329; x_wconf 75' lang='lat' dir='ltr'>genitore</span> <span class='ocrx_word' id='word_1_179' title='bbox 1429 2262 1645 2327; x_wconf 74' lang='lat' dir='ltr'>precato</span> <span class='ocrx_word' id='word_1_180' title='bbox 1841 2271 1898 2312; x_wconf 85' lang='lat'>85</span> 
     </span>
     <span class='ocr_line' id='line_1_30' title="bbox 218 2332 1626 2403; baseline -0.001 -17"><span class='ocrx_word' id='word_1_181' title='bbox 218 2335 341 2403; x_wconf 88' lang='lat' dir='ltr'>Ipse</span> <span class='ocrx_word' id='word_1_182' title='bbox 381 2334 513 2386; x_wconf 90' lang='lat' dir='ltr'>duos</span> <span class='ocrx_word' id='word_1_183' title='bbox 553 2333 724 2401; x_wconf 91' lang='lat' dir='ltr'>pisces</span> <span class='ocrx_word' id='word_1_184' title='bbox 765 2335 819 2385; x_wconf 71' lang='lat' dir='ltr'>et</span> <span class='ocrx_word' id='word_1_185' title='bbox 859 2332 1092 2401; x_wconf 91' lang='lat' dir='ltr'>quinque</span> <span class='ocrx_word' id='word_1_186' title='bbox 1133 2351 1197 2384; x_wconf 86' lang='lat' dir='ltr'>ex</span> <span class='ocrx_word' id='word_1_187' title='bbox 1237 2332 1421 2385; x_wconf 88' lang='lat' dir='ltr'>ordine</span> <span class='ocrx_word' id='word_1_188' title='bbox 1460 2351 1626 2402; x_wconf 89' lang='lat' dir='ltr'>panes</span> 
     </span>
    </p>

    <p class='ocr_par' dir='ltr' id='par_1_13' title="bbox 219 2406 1570 2475">
     <span class='ocr_line' id='line_1_31' title="bbox 219 2406 1570 2475; baseline -0.002 -15"><span class='ocrx_word' id='word_1_189' title='bbox 219 2407 425 2461; x_wconf 76' lang='lat' dir='ltr'>Dividit</span> <span class='ocrx_word' id='word_1_190' title='bbox 465 2410 519 2459; x_wconf 74' lang='lat' dir='ltr'>et</span> <span class='ocrx_word' id='word_1_191' title='bbox 558 2407 784 2475; x_wconf 86' lang='lat' dir='ltr'>dapibus</span> <span class='ocrx_word' id='word_1_192' title='bbox 825 2424 1036 2458; x_wconf 88' lang='lat' dir='ltr'>mensas</span> <span class='ocrx_word' id='word_1_193' title='bbox 1078 2406 1322 2458; x_wconf 76' lang='lat' dir='ltr'>oneravit</span> <span class='ocrx_word' id='word_1_194' title='bbox 1360 2406 1570 2474; x_wconf 88' lang='lat' dir='ltr'>opimis.</span> 
     </span>
    </p>

    <p class='ocr_par' dir='ltr' id='par_1_14' title="bbox 217 2479 1899 2842">
     <span class='ocr_line' id='line_1_32' title="bbox 217 2479 1782 2549; baseline -0.002 -15"><span class='ocrx_word' id='word_1_195' title='bbox 217 2481 439 2549; x_wconf 87' lang='lat' dir='ltr'>Iamque</span> <span class='ocrx_word' id='word_1_196' title='bbox 479 2480 695 2548; x_wconf 79' lang='lat' dir='ltr'>expleta</span> <span class='ocrx_word' id='word_1_197' title='bbox 731 2481 871 2532; x_wconf 71' lang='lat' dir='ltr'>iacet</span> <span class='ocrx_word' id='word_1_198' title='bbox 908 2510 969 2516; x_wconf 91' lang='lat'>——</span> <span class='ocrx_word' id='word_1_199' title='bbox 1006 2479 1152 2532; x_wconf 75' lang='lat' dir='ltr'>dictu</span> <span class='ocrx_word' id='word_1_200' title='bbox 1193 2479 1437 2532; x_wconf 87' lang='lat' dir='ltr'>mirabile</span> <span class='ocrx_word' id='word_1_201' title='bbox 1476 2510 1538 2517; x_wconf 97' lang='lat'>—</span> <span class='ocrx_word' id='word_1_202' title='bbox 1572 2480 1782 2548; x_wconf 61' lang='lat' dir='ltr'>plebes,</span> 
     </span>
     <span class='ocr_line' id='line_1_33' title="bbox 217 2552 1564 2622; baseline -0.001 -16"><span class='ocrx_word' id='word_1_203' title='bbox 217 2554 600 2622; x_wconf 86' lang='lat' dir='ltr'>Reliquiasque</span> <span class='ocrx_word' id='word_1_204' title='bbox 641 2553 833 2606; x_wconf 86' lang='lat' dir='ltr'>dehinc</span> <span class='ocrx_word' id='word_1_205' title='bbox 871 2552 1070 2604; x_wconf 86' lang='lat' dir='ltr'>mensis</span> <span class='ocrx_word' id='word_1_206' title='bbox 1110 2553 1289 2621; x_wconf 81' lang='lat' dir='ltr'>legere</span> <span class='ocrx_word' id='word_1_207' title='bbox 1329 2553 1564 2605; x_wconf 77' lang='lat' dir='ltr'>ministri</span> 
     </span>
     <span class='ocr_line' id='line_1_34' title="bbox 217 2626 1899 2709; baseline -0.001 -29"><span class='ocrx_word' id='word_1_208' title='bbox 217 2627 574 2694; x_wconf 89' lang='lat' dir='ltr'>Bissenosque</span> <span class='ocrx_word' id='word_1_209' title='bbox 616 2627 762 2679; x_wconf 90' lang='lat' dir='ltr'>sinus</span> <span class='ocrx_word' id='word_1_210' title='bbox 804 2626 1156 2694; x_wconf 89' lang='lat' dir='ltr'>cophinorum</span> <span class='ocrx_word' id='word_1_211' title='bbox 1197 2626 1480 2696; x_wconf 85' lang='lat' dir='ltr'>fragminis</span> <span class='ocrx_word' id='word_1_212' title='bbox 1511 2626 1762 2709; x_wconf 71' lang='lat' dir='ltr'>implent.</span> <span class='ocrx_word' id='word_1_213' title='bbox 1840 2638 1899 2679; x_wconf 83' lang='lat'>90</span> 
     </span>
     <span class='ocr_line' id='line_1_35' title="bbox 219 2699 1734 2768; baseline -0.002 -14"><span class='ocrx_word' id='word_1_214' title='bbox 219 2701 517 2755; x_wconf 76' lang='lat' dir='ltr'>Cenantum</span> <span class='ocrx_word' id='word_1_215' title='bbox 556 2717 808 2752; x_wconf 90' lang='lat' dir='ltr'>numerus</span> <span class='ocrx_word' id='word_1_216' title='bbox 848 2702 965 2750; x_wconf 70' lang='lat' dir='ltr'>tum</span> <span class='ocrx_word' id='word_1_217' title='bbox 1005 2699 1157 2751; x_wconf 87' lang='lat' dir='ltr'>milia</span> <span class='ocrx_word' id='word_1_218' title='bbox 1197 2699 1431 2767; x_wconf 88' lang='lat' dir='ltr'>quinque</span> <span class='ocrx_word' id='word_1_219' title='bbox 1470 2699 1734 2768; x_wconf 81' lang='lat' dir='ltr'>virorum,</span> 
     </span>
     <span class='ocr_line' id='line_1_36' title="bbox 218 2772 1631 2842; baseline -0.001 -15"><span class='ocrx_word' id='word_1_220' title='bbox 218 2775 506 2827; x_wconf 71' lang='lat' dir='ltr'>Praeterea</span> <span class='ocrx_word' id='word_1_221' title='bbox 545 2774 775 2842; x_wconf 86' lang='lat' dir='ltr'>populus</span> <span class='ocrx_word' id='word_1_222' title='bbox 816 2775 1052 2824; x_wconf 74' lang='lat' dir='ltr'>matrum</span> <span class='ocrx_word' id='word_1_223' title='bbox 1091 2772 1194 2824; x_wconf 73' lang='lat' dir='ltr'>fuit</span> <span class='ocrx_word' id='word_1_224' title='bbox 1234 2776 1288 2824; x_wconf 73' lang='lat' dir='ltr'>et</span> <span class='ocrx_word' id='word_1_225' title='bbox 1326 2791 1631 2840; x_wconf 90' lang='lat' dir='ltr'>puerorum.</span> 
     </span>
    </p>
   </div>
   <div class='ocr_carea' id='block_1_3' title="bbox 216 2869 1899 2989">
    <p class='ocr_par' dir='ltr' id='par_1_15' title="bbox 216 2869 1899 2989">
     <span class='ocr_line' id='line_1_37' title="bbox 216 2869 1899 2930; baseline -0.003 -11"><span class='ocrx_word' id='word_1_226' title='bbox 216 2875 331 2920; x_wconf 71' lang='lat' dir='ltr'>lusit</span> <span class='ocrx_word' id='word_1_227' title='bbox 345 2874 457 2918; x_wconf 83' lang='lat' dir='ltr'>MR</span> <span class='ocrx_word' id='word_1_228' title='bbox 480 2875 494 2930; x_wconf 90' lang='grc' dir='ltr'>ΙΙ</span> <span class='ocrx_word' id='word_1_229' title='bbox 519 2879 572 2917; x_wconf 80' lang='grc'>59</span> <span class='ocrx_word' id='word_1_230' title='bbox 605 2885 770 2928; x_wconf 81' lang='lat' dir='ltr'>parare</span> <span class='ocrx_word' id='word_1_231' title='bbox 788 2870 900 2916; x_wconf 70' lang='lat'>120²</span> <span class='ocrx_word' id='word_1_232' title='bbox 925 2870 942 2896; x_wconf 80' lang='lat'>³</span> <span class='ocrx_word' id='word_1_233' title='bbox 959 2871 1022 2929; x_wconf 74' lang='lat' dir='ltr'>Sy</span> <span class='ocrx_word' id='word_1_234' title='bbox 1038 2871 1132 2915; x_wconf 84' lang='lat' dir='ltr'>Ber</span> <span class='ocrx_word' id='word_1_235' title='bbox 1155 2874 1169 2928; x_wconf 80' lang='lat' dir='ltr'>fl</span> <span class='ocrx_word' id='word_1_236' title='bbox 1195 2876 1249 2915; x_wconf 88' lang='grc'>63</span> <span class='ocrx_word' id='word_1_237' title='bbox 1282 2885 1478 2928; x_wconf 83' lang='lat' dir='ltr'>poscens</span> <span class='ocrx_word' id='word_1_238' title='bbox 1498 2871 1615 2917; x_wconf 65' lang='lat'>0¹13</span> <span class='ocrx_word' id='word_1_239' title='bbox 1633 2870 1686 2926; x_wconf 89' lang='lat' dir='ltr'>V,</span> <span class='ocrx_word' id='word_1_240' title='bbox 1716 2869 1869 2927; x_wconf 67' lang='lat' dir='ltr'>poscit</span> <span class='ocrx_word' id='word_1_241' title='bbox 1885 2870 1899 2927; x_wconf 82' lang='grc' dir='ltr'>Η</span> 
     </span>
     <span class='ocr_line' id='line_1_38' title="bbox 216 2888 958 2989; baseline -0.007 -10"><span class='ocrx_word' id='word_1_242' title='bbox 216 2939 272 2979; x_wconf 88' lang='grc'>86</span> <span class='ocrx_word' id='word_1_243' title='bbox 305 2933 389 2977; x_wconf 86' lang='lat' dir='ltr'>Ille</span> <span class='ocrx_word' id='word_1_244' title='bbox 423 2934 483 2976; x_wconf 88' lang='lat' dir='ltr'><strong><em>M</em></strong></span> <span class='ocrx_word' id='word_1_245' title='bbox 503 2934 520 2989; x_wconf 83' lang='grc' dir='ltr'>ΙΙ</span> <span class='ocrx_word' id='word_1_246' title='bbox 543 2937 597 2976; x_wconf 88' lang='grc'>91</span> <span class='ocrx_word' id='word_1_247' title='bbox 605 2888 803 2976; x_wconf 70' lang='lat' dir='ltr'>ptCena.¹1</span> <span class='ocrx_word' id='word_1_248' title='bbox 805 2944 882 2974; x_wconf 87' lang='lat' dir='ltr'>um</span> <span class='ocrx_word' id='word_1_249' title='bbox 911 2929 958 2974; x_wconf 81' lang='lat' dir='ltr'><em>R</em></span> 
     </span>
    </p>
   </div>
  </div>
 </body>
</html>
