2038 3192
766 156 1238 204 PROLEGOMENA.
1805 160 1849 205 V

74 236 77 241 ¹
160 275 507 331 CALVETII
554 276 838 339 AQILINI
885 276 1051 331 SIVE
1100 277 1450 333 IVVEeNOI
1499 276 1647 348 (siet)
1695 283 1751 332 et
1792 280 1850 332 in

158 350 263 402 fine
302 349 430 403 libri
467 349 494 402 Ι
533 351 698 403 simili
737 351 921 404 modo:
970 350 1508 406 SAPIENTISSIMI
1546 351 1705 405 VIRI
1744 352 1851 406 IV-

158 436 388 492 VENOI
419 437 676 491 XPIANI
704 437 1296 493 EVANGELIORVM
1328 439 1551 492 LIBER
1574 439 1847 494 PRIMVS

157 510 497 565 EXPLICIT
500 513 523 546 ⁹
545 510 818 565 INCIPIT
841 511 1063 566 LIBER
1088 512 1473 567 SECVNDVS
1500 512 1850 567 GALVETII

156 584 506 647 AQVILINI.
600 584 759 638 Certe
829 586 1044 655 quidem
1105 589 1282 656 prima
1343 587 1552 656 syllaba
1613 588 1848 640 nominis

159 658 390 712 Calvetii
429 659 682 711 mendum
724 663 807 712 est
844 679 944 730 pro
985 659 1104 728 Gai,
1147 679 1275 714 nam
1316 659 1478 713 Caius
1518 679 1850 730 praenomen

157 733 214 784 in
276 732 549 786 codicibus
611 733 804 786 ceteris
867 734 1118 788 omnibus
1179 734 1404 804 legitur,
1474 736 1565 804 qui
1627 736 1849 788 nomina

156 809 350 876 poetae
404 806 620 875 integra
671 807 922 890 produnt.
933 806 988 875 ²¹²)
1066 806 1248 862 Codex
1300 807 1353 861 R
1405 809 1463 860 in
1514 808 1622 861 fine
1676 808 1848 861 totius

158 878 336 948 operis
362 882 620 948 quattuor
641 881 863 933 nomina
886 880 1106 934 Iuvenci
1129 882 1375 951 p2raebet
1400 879 1848 934 EXPLIOIVNT

158 951 358 1006 LIBRI
430 951 543 1005 ΠΙΙ
618 952 1214 1008 EVANGELIORVM
1281 954 1641 1008 VERSIBVS
1722 955 1851 1008 GAI

155 1018 434 1106 VEsTII
469 1025 802 1089 AQVILINI
833 1026 1142 1083 IVVENOI
1173 1027 1613 1082 PRESBITERI
1642 1026 1850 1100 (Codex

156 1101 231 1153 M
269 1119 468 1154 nomen
514 1104 708 1170 poetae
754 1102 907 1156 nullo
955 1103 1075 1156 loco
1115 1103 1317 1171 innuit,
1362 1103 1685 1172 praesertim
1726 1121 1849 1156 cum

155 1174 279 1227 finis
328 1174 524 1228 codicis
573 1175 798 1228 mutilus
845 1176 953 1242 sit).
1030 1175 1246 1230 Nomen
1289 1179 1471 1229 autem
1511 1177 1850 1247 gentilicium

155 1246 373 1302 Vettius
412 1248 500 1301 vel
539 1247 733 1301 Vetius
774 1250 861 1302 vel
900 1249 1123 1303 Vectius
1165 1250 1444 1319 scribitur3
1482 1251 1539 1302 in
1578 1250 1758 1303 codice
1797 1250 1851 1302 R

156 1321 343 1375 littera
402 1339 560 1374 erasa
621 1322 666 1374 T
727 1322 896 1376 fuisse
956 1323 1171 1376 videtur
1234 1323 1315 1393 (in
1370 1292 1486 1377 solo
1550 1324 1730 1377 codice
1793 1323 1850 1376 B

154 1413 354 1448 nomen
375 1394 587 1448 Veitius
620 1396 860 1466 legitur).
922 1396 1061 1450 Tum
1093 1415 1392 1467 cognomen
1423 1397 1658 1466 primum
1683 1397 1848 1466 Aqui-

158 1469 300 1522 linus
331 1469 445 1522 sine
471 1468 834 1537 discrepantia
860 1471 1158 1541 scripturae
1181 1470 1398 1540 legitur,
1431 1471 1524 1524 sed
1549 1489 1851 1542 cognomen

157 1542 290 1595 illud
319 1542 666 1596 notissimum
689 1543 1016 1613 „Iuvencus“
1046 1545 1376 1598 variationes
1411 1545 1671 1614 quasdam
1696 1563 1849 1614 prae—

156 1616 264 1668 bet.
340 1616 422 1669 Ac
476 1616 712 1684 primum
768 1618 983 1686 quidem
1039 1619 1182 1687 quod
1234 1618 1292 1670 in
1343 1619 1527 1686 paucis
1575 1618 1847 1672 codicibus

160 1689 486 1760 cognomina
534 1689 637 1742 duo
684 1690 954 1759 particula
998 1692 1178 1761 „siue“
1225 1692 1647 1762 coniunguntur,
1702 1692 1848 1745 addi-

156 1766 462 1815 tamentum
508 1763 721 1816 librarii
768 1768 872 1834 est,
920 1766 1013 1834 qui
1058 1765 1116 1818 in
1155 1765 1448 1834 archetypo
1490 1784 1587 1818 suo
1626 1766 1714 1819 vel
1753 1784 1847 1819 no-

156 1837 304 1888 mina
367 1834 424 1889 O.
478 1834 698 1890 Vettius
762 1838 1052 1907 Aquilinus
1113 1839 1200 1892 vel
1262 1856 1566 1909 cognomen
1627 1838 1846 1893 Iuvenci

156 1910 331 1962 solum
384 1910 592 1963 invenit
647 1913 702 1963 et
754 1914 1041 1982 utrumque
1088 1912 1358 1982 particula
1407 1913 1521 1966 sive
1568 1913 1847 1966 coniunxit

157 1981 292 2052 (sive
339 1983 540 2053 legitur
587 1984 644 2036 in
694 1983 762 2037 Ol
802 1986 1004 2039 subscr.
1050 1986 1404 2056 praefationis
1454 1987 1693 2056 spuriae,
1744 1987 1856 2040 ΤΚ

156 2057 359 2110 subscr.
405 2056 533 2109 libri
570 2056 641 2109 ΙΙ.
688 2057 787 2111 ΠΙ.
832 2058 934 2128 IV,
980 2060 1036 2113 B
1076 2061 1278 2113 subscr.
1318 2060 1448 2112 libri
1486 2059 1842 2132 1);p1erum-

155 2149 256 2199 que
287 2148 485 2183 nomen
514 2130 732 2185 Iuvenci
765 2134 941 2186 solum
974 2134 1348 2201 subscribitur,
1379 2152 1503 2187 raro
1538 2133 1594 2187 C.
1623 2133 1842 2187 Vettius

153 2203 457 2272 AquilinuS.
534 2204 797 2290 Denique·
835 2207 892 2259 in
937 2207 1114 2260 tribus
1161 2207 1433 2260 codicibus
1482 2207 1845 2276 discrepantia

153 2277 211 2329 in
271 2277 594 2347 proferendo
650 2281 869 2332 nomine
923 2281 1141 2334 Iuvenci
1197 2281 1357 2334 obvia
1411 2284 1508 2334 est.
1585 2281 1729 2334 Nam
1784 2282 1843 2334 in

155 2350 269 2403 cod.
317 2350 389 2404 V¹
428 2352 751 2421 subscriptio
791 2354 920 2406 libri
956 2354 1036 2407 IV
1073 2354 1308 2409 formam
1348 2354 1562 2408 Iuventi
1599 2355 1841 2424 praebet,

153 2424 210 2475 in
263 2424 386 2477 Mat
436 2425 718 2495 inscriptio
773 2427 901 2480 libri
954 2428 981 2480 Ι
1034 2428 1267 2482 formam
1320 2428 1557 2481 Iubentii
1611 2432 1666 2481 et
1721 2429 1842 2482 sub-

156 2497 377 2565 scriptio
424 2499 775 2566 praefationis
815 2500 1055 2571 Iubenti,
1101 2504 1157 2555 in
1195 2501 1296 2569 ΜΡ
1344 2503 1545 2555 subscr.
1593 2502 1720 2555 libri
1758 2501 1836 2555 IV

152 2570 386 2623 formam
402 2570 655 2626 Iuvencii.
708 2573 828 2627 Hoc
857 2594 1067 2646 quoque
1093 2575 1346 2628 mendum
1370 2576 1714 2645 perspicuum
1740 2579 1838 2644 est,
1885 2594 1888 2596 “

154 2661 279 2696 nam
321 2662 348 2696 e
388 2662 519 2697 voce
550 2645 770 2701 Iuvenci
807 2648 1007 2702 litteris
1040 2650 1352 2702 minusculis
1391 2649 1594 2719 scripta
1626 2618 1839 2702 Iuventi

271 2817 314 2874 ³¹²)
347 2817 424 2862 Ali
407 2832 455 2863 18
487 2818 752 2865 coniunctio
782 2820 1006 2867 mendosa
1037 2823 1233 2888 duorum
1266 2822 1508 2867 nominum
1538 2821 1587 2866 in
1604 2822 1673 2889 Sy
1699 2822 1808 2867 obvi
1810 2835 1838 2866 a.

154 2880 244 2922 est.
285 2871 445 2922 Guetti
484 2877 555 2934 Aq
559 2877 694 2922 uilini
730 2879 920 2924 quenci
959 2882 1007 2925 et
1043 2880 1092 2925 in
1132 2881 1243 2926 Met.
1284 2881 1347 2925 Su
1351 2882 1416 2926 eti
1455 2884 1543 2938 Aq.
1578 2880 1649 2925 siu
1621 2895 1677 2926 ue
1709 2882 1826 2936 Iuv.;

157 2935 278 2980 sicut
308 2935 455 2980 Aulus
488 2935 665 2982 Gellius
695 2937 744 2981 in
774 2952 881 2983 mss,
916 2937 1022 2984 vat.
1055 2940 1640 2998 „Agellius“nom1niatur.
