2038 3192
169 159 239 227 70
861 159 1045 205 LIBER
1074 160 1152 205 111.

164 279 432 347 Possidet,
471 279 685 350 inmites
728 297 888 334 saevo
927 280 974 332 si
1011 284 1227 350 pectore
1267 280 1499 334 fratrum

165 353 395 407 Peccata
435 355 688 407 orantum
727 353 855 406 dure
894 354 1084 423 punire
1123 354 1364 407 voletiS.“

240 427 396 480 Talia
435 427 578 480 dicta
618 426 786 497 dedit3
826 425 1207 497 Galilaeaeque
1247 446 1373 481 arva
1412 429 1630 498 reliquit

167 500 528 570 Iudaeamque
569 500 729 569 petit,
769 519 876 570 qua
913 501 1137 572 pinguia
1174 520 1303 555 rura
1342 501 1564 555 silenter
1765 517 1850 558 460

168 575 405 645 Agmine
443 574 701 628 Iordanes
742 574 930 628 viridis
968 575 1270 644 perrumpit
1311 594 1551 630 amoeno.

164 647 277 701 Nec
317 649 495 701 minus
534 649 591 700 in
631 648 817 701 stratis
857 666 1049 720 aegros
1091 649 1287 702 donare
1328 650 1524 718 salute,

166 720 527 791 Sublimisque
566 722 738 790 patris
779 722 1069 776 concedere
1108 738 1331 776 munera
1369 727 1626 791 praestat.

164 795 304 849 Ecce
344 795 626 849 Pharisaei
663 799 995 866 temptantes
1035 814 1289 866 quaerere
1327 801 1582 867 pergunt,

165 868 423 938 Coniugis
463 888 532 923 an
573 870 732 923 liceat
769 871 1028 923 reiectum
1068 870 1307 923 scindere
1346 870 1605 938 vinclum,
1764 883 1849 924 465

164 942 430 1013 Quicquid
470 943 596 1013 erit,
635 944 773 996 laesi
811 945 991 1014 tangit
1031 944 1174 1013 quod
1214 944 1376 997 corda
1415 945 1612 997 mariti.

162 1017 313 1071 Haec
351 1018 446 1070 ubi
483 1017 747 1087 percepit,
787 1017 1055 1087 depromit
1093 1018 1227 1070 talia
1267 1015 1537 1072 Christus:

165 1090 479 1161 „Principio
518 1091 665 1144 Deus
704 1092 761 1143 in
799 1091 959 1144 terris
999 1110 1099 1162 par
1139 1091 1353 1160 dispare
1394 1110 1522 1144 sexu

163 1163 464 1218 Constituit
502 1164 765 1234 iussitque
803 1183 911 1218 uno
952 1165 1016 1218 de
1055 1183 1277 1235 corpore
1314 1165 1459 1218 necti

161 1237 571 1307 Amborumque
612 1239 820 1291 animas
860 1238 1058 1292 iunctis
1097 1239 1389 1292 inolescere
1429 1238 1701 1291 membris.
1763 1251 1849 1292 470

164 1312 319 1375 Quod
357 1311 503 1365 Deus
544 1329 673 1382 ergo
714 1313 865 1364 iubet
901 1311 1119 1382 proprio
1161 1330 1498 1365 concrescere
1538 1312 1727 1380 verb0‚

162 1385 439 1439 Inlicitum
478 1390 562 1439 est
598 1386 882 1440 hominum
918 1386 1076 1439 foedo
1119 1386 1392 1439 secernere
1431 1387 1572 1439 luxu.

163 1459 381 1529 Moyses
420 1459 719 1529 praecepit,
760 1460 902 1528 quod
939 1463 1160 1529 pectora
1199 1460 1332 1512 dura
1370 1459 1597 1528 videret,

164 1532 409 1587 Scribere
449 1533 757 1602 discidium,
798 1551 903 1603 quo
945 1551 1107 1586 saxea
1145 1533 1307 1586 corda
1345 1533 1546 1586 revinci

161 1607 266 1660 Per
305 1608 554 1677 proprios
595 1607 773 1676 apices
812 1610 1034 1676 possent
1074 1607 1173 1660 sub
1213 1606 1386 1660 iudice
1424 1606 1658 1661 flamma.
1763 1619 1849 1662 475

163 1679 308 1734 Nam
346 1683 549 1734 temere
589 1681 831 1733 exsolvet
870 1680 1007 1734 casti
1047 1680 1139 1750 qui
1178 1680 1298 1733 iura
1337 1680 1530 1733 cubilis

163 1755 457 1825 Alteraque
495 1755 643 1808 illius
682 1754 940 1807 thalamis
981 1753 1277 1807 sociabitur
1316 1772 1465 1822 uxor,

163 1827 380 1881 Crimen
420 1828 673 1881 adulterii
711 1828 915 1898 populo
957 1828 1056 1881 sub
1096 1830 1235 1881 teste
1277 1827 1527 1881 subibit.“

162 1901 432 1970 Discipuli
469 1901 731 1955 referunt:
770 1900 977 1971 „Urget
1014 1902 1102 1953 lex
1140 1902 1249 1954 ista
1286 1901 1526 1955 virorum

166 1974 490 2044 Servitiique
528 1975 728 2045 premit
765 1993 875 2027 non
915 1993 1086 2043 aequo
1126 1974 1362 2043 pondere
1400 1979 1634 2044 partem,
1763 1989 1849 2030 480

163 2048 242 2102 Ut
282 2049 473 2102 melius
512 2049 677 2102 fuerit
717 2048 975 2101 thalamis
1017 2047 1252 2102 caruisse
1292 2048 1546 2117 perosiS.“

162 2122 465 2192 Respondit
503 2121 792 2176 Dominus:
832 2120 998 2190 „Non
1036 2139 1221 2175 omnes
1261 2122 1495 2190 pondere
1535 2125 1688 2175 tanto

166 2194 445 2250 Subicient
483 2214 721 2265 umerOS,
760 2196 932 2249 lectae
974 2199 1100 2249 sunt
1137 2195 1270 2247 talia
1310 2194 1451 2247 dona

167 2270 419 2324 Virtutis,
483 2270 647 2323 Trino
687 2272 1005 2323 truncantur
1045 2287 1271 2337 corpora
1309 2287 1479 2336 more,

166 2343 313 2406 Quae
351 2345 502 2396 nulla
541 2343 778 2414 gaudent
817 2343 1055 2427 genitali
1082 2343 1203 2413 lege
1243 2311 1500 2395 tororuni.
1763 2355 1848 2397 485

166 2416 412 2486 Namque
453 2418 589 2471 alios
628 2418 765 2470 tales
806 2417 1059 2487 progigni
1098 2416 1156 2468 in
1195 2415 1411 2468 luminis
1453 2434 1575 2469 oras

167 2489 563 2560 Comperimus3
601 2492 887 2575 plerosque
925 2490 1207 2544 hominum
1243 2489 1325 2542 vis
1365 2489 1539 2543 ferrea
1578 2508 1706 2543 sexu

167 2564 362 2634 Exuit3
403 2569 564 2635 atque
605 2565 740 2618 alios
780 2564 928 2633 ipsos
969 2563 1072 2617 sibi
1112 2563 1322 2616 demere
1362 2566 1576 2616 constat

168 2638 273 2691 Pro
314 2639 449 2692 caeli
487 2639 670 2709 regnis
709 2656 941 2708 pronum
981 2639 1045 2691 de
1083 2640 1297 2706 pectore
1335 2655 1591 2691 amorem.

286 2772 372 2813 459
407 2766 679 2828 Galileeque
713 2769 775 2812 M
781 2768 889 2812 RB
908 2768 1105 2813 TAdd1·
1119 2766 1157 2824 ²,
1214 2765 1428 2834 Galileaq
1430 2781 1486 2811 ue
1521 2766 1592 2823 0¹,
1648 2766 1849 2812 Galilea·

168 2841 257 2883 quc
285 2827 292 2885 Ι
320 2841 452 2881 arva,
483 2841 590 2871 rura
622 2827 720 2871 AL
743 2828 758 2883 Η
782 2832 868 2872 462
900 2827 1046 2884 pratis
1079 2825 1140 2871 M
1161 2830 1168 2879 Ι
1196 2838 1307 2882 aegr
1309 2825 1418 2870 is—
1437 2825 1635 2871 salutem
1653 2825 1698 2870 R
1714 2825 1820 2871 V¹A
1847 2826 1851 2884 Ι

167 2890 255 2990 {gg
286 2887 561 2992 ἓξὲῗῇὺέῑιῑ
593 2889 606 2943 ΙΙ
646 2890 732 2930 470
763 2887 941 2931 animos
972 2886 1030 2930 M
1065 2888 1079 2942 ΙΙ
1117 2890 1203 2930 475
1237 2885 1449 2929 flammae
1481 2884 1596 2941 RV,
1629 2884 1814 2929 flamma
1848 2885 1852 2944 Ι
