2038 3192
148 149 254 195 VIII
753 146 1222 193 PROLEGOMENA.

151 268 504 339 praefationis
551 285 709 320 verae
759 268 949 335 (usque
998 267 1063 319 ad
1109 285 1290 320 vocem
1337 265 1584 338 „tellus“)
1630 267 1828 321 litteris

149 342 473 410 uncialibus,
537 341 674 393 sicut
739 343 916 393 cetera
967 340 1101 394 folia
1156 340 1358 409 omnia,
1422 341 1652 408 scriptae
1708 359 1828 395 con-

152 418 305 469 tinet.
380 414 527 466 Finis
569 414 763 467 codicis
803 413 1049 482 mutilus,
1094 433 1220 466 nam
1259 431 1362 466 vox
1401 413 1594 466 ultima
1633 418 1714 467 est
1751 414 1831 467 IV

152 490 252 542 731
309 486 581 557 „solebat“
636 484 751 556 (fol.
808 485 952 556 115).
1040 486 1123 539 De
1186 486 1393 556 origine
1449 487 1534 540 vel
1591 488 1653 540 de
1707 507 1830 557 pos-

153 562 452 615 sessoribus
486 561 614 629 eiUS,
647 564 935 628 antequam
966 561 1023 612 in
1054 560 1440 613 bibliothecam
1473 560 1686 630 collegii
1713 580 1829 630 per-

149 636 311 703 venit,
342 634 479 687 nihil
512 631 808 703 constat*),
841 651 960 686 cum
991 633 1047 685 in
1077 633 1211 687 folio
1241 633 1416 702 primo
1444 634 1662 703 aliquid,
1688 635 1832 703 quod

151 710 382 762 fortasse
424 708 490 760 ad
530 707 668 760 hanc
706 725 821 759 rem
861 707 1243 759 enucleandam
1283 707 1568 775 pertinuit,
1616 726 1830 761 erasum

152 783 236 837 sit.
300 781 403 834 Sed
443 780 560 849 quis
601 780 705 833 fuit
744 781 840 832 illa
874 780 1309 850 Engelberga,
1349 780 1497 833 cuius
1536 799 1735 834 nomen
1773 781 1832 833 in

151 855 395 926 margine
428 854 702 922 superiore
734 853 855 906 folii
889 851 982 906 75¹³
1014 853 1213 906 litteris
1247 854 1522 923 anglosax.
1559 855 1832 923 adpictum

155 929 274 982 est?
314 960 382 966 ——
426 926 660 997 Sci-iptio
716 927 886 980 totius
942 927 1137 980 codicis
1186 927 1403 980 omnino
1451 927 1665 996 quidem
1713 946 1832 981 con-

155 1003 310 1055 tinua
351 1005 447 1069 est,
489 1001 579 1053 sed
617 1001 739 1053 finis
782 998 1031 1054 versuum
1070 1000 1285 1070 virgula
1325 1005 1378 1053 et
1409 1000 1466 1052 in
1496 1001 1673 1069 prima
1705 1019 1832 1070 qua-

156 1076 400 1129 ternione
448 1075 635 1127 littera
682 1092 891 1143 quoque
929 1074 1106 1143 prima
1145 1092 1330 1126 versus
1372 1074 1573 1127 maiore
1611 1077 1833 1128 notatus

154 1153 237 1202 est
272 1147 621 1219 (quamquam
654 1148 871 1216 virgula
892 1165 1002 1200 non
1027 1165 1236 1216 semper
1259 1149 1406 1200 recto
1431 1148 1549 1201 loco
1575 1146 1834 1219 ponitur).

153 1278 271 1322 illud
294 1279 366 1334 Ap
369 1276 464 1323 oth.
490 1292 531 1322 v.
559 1281 642 1322 981
676 1277 780 1334 bisy
783 1277 961 1321 llabum
994 1276 1227 1321 adhibeat.
1276 1276 1395 1321 Tum
1420 1290 1591 1321 nomen
1614 1277 1834 1322 Iohannis

154 1352 194 1381 v.
231 1343 254 1381 7
294 1336 444 1381 tribus
485 1334 679 1393 syllabis
713 1293 780 1380 ety
789 1335 810 1378 I
843 1335 1117 1380 consonanti
1147 1335 1542 1402 pronuntiandum
1575 1338 1666 1391 est,
1709 1335 1833 1393 quod

154 1410 247 1440 non
303 1395 452 1452 magis
501 1394 560 1438 ad
607 1408 743 1438 usum
788 1393 978 1439 Iuvenci
1025 1394 1238 1451 quadrat
1308 1392 1507 1439 Accedit
1552 1371 1676 1450 quod
1723 1395 1835 1439 ordo

156 1453 561 1520 evangelistarum,
594 1467 699 1497 cum
721 1453 984 1498 Iuvencus
970 1468 1020 1497 in
1045 1467 1182 1510 opere
1207 1467 1289 1498 suo
1316 1451 1598 1498 conficiendo
1622 1454 1836 1499 versione

155 1527 274 1569 quae
313 1511 485 1556 dicitur
514 1512 634 1556 Itala
666 1526 774 1556 usus
809 1512 889 1567 sit,
922 1511 969 1555 in
1003 1526 1096 1568 qua
1127 1511 1419 1556 Matthaeum
1450 1511 1703 1567 Iohannes,
1734 1514 1835 1580 turn

155 1573 304 1616 Lucas
346 1573 392 1615 et
422 1571 604 1615 Marcus
635 1571 911 1627 sequuntur,
950 1570 1000 1614 in
1030 1571 1119 1615 hac
1149 1570 1442 1626 praefatione
1474 1570 1599 1615 idem
1631 1573 1724 1628 est,
1756 1571 1838 1628 qui

155 1646 183 1675 a
228 1629 427 1674 testibus
467 1629 656 1674 Graecis
702 1631 913 1673 servatur
960 1630 1007 1673 et
1054 1629 1113 1673 ab
1152 1628 1437 1686 Hieronymo
1486 1631 1699 1697 receptus
1745 1631 1836 1675 est.

155 1688 238 1734 Mt.
269 1689 358 1733 Mc.
392 1688 470 1732 Lc.
503 1687 570 1732 Ih.
635 1688 726 1754 Sed
769 1687 885 1732 haut
924 1687 1267 1744 neglegendum
1305 1690 1398 1742 est,
1445 1687 1670 1745 insignia,
1719 1702 1838 1745 quae

156 1748 457 1814 evangelistis
511 1761 567 1791 ex
619 1745 797 1791 visione
843 1746 1103 1791 Ezechielis
1159 1746 1354 1791 attribui
1405 1746 1575 1802 solent,
1640 1747 1707 1792 sic
1752 1748 1839 1792 im-

155 1806 347 1861 mutari,
386 1807 460 1860 ut,
500 1819 605 1850 cum
647 1805 836 1849 nomina
866 1804 1014 1849 Marci
1045 1805 1094 1848 et
1123 1805 1341 1850 Iohannis
1373 1805 1494 1850 inter
1526 1819 1574 1850 se
1605 1808 1838 1862 permuta-

157 1866 292 1920 veris,
326 1865 437 1909 ordo
462 1863 663 1908 usitatus
690 1863 930 1908 efficiatur.
980 1863 1142 1919 Itaque
1168 1864 1394 1931 suspicari
1417 1865 1541 1919 licet,
1567 1865 1653 1909 hos
1679 1879 1838 1911 versus

157 1925 215 1968 ab
261 1924 448 1968 auctore
489 1936 570 1967 suo
611 1921 762 1967 codici
802 1922 987 1967 cuidam
1030 1921 1379 1979 evangeliorum
1410 1899 1664 1967 desti'natos
1694 1923 1839 1969 fuisse

158 1982 219 2026 ad
253 1981 592 2038 explanandam
620 1980 866 2038 picturam,
900 1980 1051 2036 qualis
1076 1980 1276 2037 exempli
1300 1981 1454 2038 gratia
1476 1980 1525 2024 in
1548 1982 1662 2026 folio
1686 1983 1837 2038 primo

159 2041 330 2086 codicis
375 2039 634 2094 cuiusdam,
676 2039 756 2095 qui
788 2038 870 2084 Sti.
906 2039 1181 2084 Columbani
1211 2039 1351 2084 fuisse
1384 2039 1554 2084 dicitur
1585 2042 1632 2084 et
1662 2040 1711 2084 in
1742 2042 1839 2086 col·

157 2101 282 2158 legio
307 2098 534 2144 trinitatis
558 2097 750 2142 Dublini
773 2098 1056 2154 adservatur,
1088 2097 1292 2155 insignia
1313 2097 1398 2143 illa.
1421 2099 1584 2143 tabula
1608 2100 1839 2155 quadrata

159 2160 207 2204 et
244 2158 380 2203 lineis
420 2158 598 2202 duobus
637 2156 896 2202 decussatis
935 2157 983 2200 in
1023 2158 1245 2213 quattuor
1282 2159 1441 2213 partes
1483 2157 1735 2202 distributa
1765 2173 1839 2204 re-

158 2218 436 2274 praesentat.
502 2216 694 2271 Quoque
727 2216 878 2260 minus
911 2216 968 2259 de
1001 2216 1088 2260 hac
1120 2230 1168 2260 re
1201 2215 1407 2271 dubites,
1439 2216 1489 2259 in
1521 2216 1693 2260 codicis
1725 2217 1838 2262 bibl.

159 2275 442 2320 Bodleianae
460 2273 839 2320 Rushworthiani
862 2276 921 2330 (a.
941 2276 1045 2330 800)
1078 2274 1252 2332 pagina
1277 2275 1519 2319 extrema
1507 2289 1555 2319 1n
1580 2290 1659 2319 sex
1681 2278 1839 2332 partes

162 2333 413 2379 distributa
451 2347 610 2378 versus
650 2332 722 2377 illi
759 2346 854 2377 una
893 2348 998 2378 cum
1031 2333 1357 2378 adhortatione
1390 2334 1568 2378 scribae
1601 2333 1839 2392 Macregol

162 2393 254 2452 (vel
281 2391 554 2449 Macreguil)
587 2391 810 2448 descripti
841 2394 961 2436 sunt.
1009 2393 1107 2436 Iam
1139 2391 1275 2436 valde
1306 2392 1566 2437 mirandum
1599 2395 1681 2448 est,
1715 2394 1840 2450 quod

161 2453 209 2496 in
235 2452 391 2498 codice
419 2451 481 2496 0²
504 2464 595 2495 uno
622 2451 688 2495 sic
710 2450 996 2495 inscribitur:
1023 2450 1194 2507 Incipit
1215 2451 1440 2518 &Iologus
1465 2451 1588 2507 (sicl)
1615 2451 1839 2508 damassi;

159 2526 268 2555 nam
308 2525 364 2556 ex
402 2510 680 2554 auctoritate
711 2509 848 2553 huius
881 2509 1051 2554 codicis
1081 2509 1322 2565 inscriptio
1354 2523 1518 2566 parum
1549 2511 1843 2566 respicienda

162 2583 261 2615 esse
313 2569 430 2613 mihi
482 2568 678 2613 videtur.
740 2567 931 2613 Prorsus
978 2568 1147 2613 desunt
1190 2568 1272 2612 isti
1319 2582 1477 2613 versus
1524 2569 1572 2613 in
1614 2569 1843 2637 RMMqt

162 2628 338 2674 K¹·²V·²
376 2627 480 2672 Alb.
523 2627 596 2671 Ηῑ
638 2627 756 2683 Ged,
796 2629 905 2683 post
942 2627 1081 2671 finem
1119 2626 1307 2671 Iuvenci
1348 2627 1564 2672 carminis
1603 2628 1755 2672 additi
1793 2629 1839 2672 in

165 2687 377 2746 Add15'9‚
402 2685 453 2729 in
477 2684 708 2751 principio
734 2685 949 2729 carminis
974 2686 1054 2730 sed
1080 2687 1138 2730 ab
1163 2686 1258 2730 alia
1282 2699 1424 2730 manu
1448 2687 1638 2744 scripti‘
1625 2702 1674 2731 in
1690 2687 1840 2744 MpT.

282 2748 324 2801 *)
358 2745 442 2789 Th.
476 2745 606 2788 Astle
637 2743 687 2787 in
718 2744 880 2800 libro,
884 2743 995 2799 ,The
1028 2743 1179 2800 origin
1210 2745 1302 2788 and
1326 2759 1540 2802 progress
1567 2746 1617 2790 of
1638 2745 1839 2803 writing.

166 2805 347 2850 Second
386 2803 561 2848 edition
599 2802 792 2847 London
834 2805 977 2847 1803“
1021 2803 1280 2859 suspicatus
1323 2806 1390 2848 est
1423 2806 1484 2861 (p.
1519 2805 1593 2861 93)
1634 2804 1840 2849 codicem

163 2864 297 2909 illum
321 2861 507 2907 Iuvenci
532 2862 753 2918 scriptum
778 2875 877 2906 esse
904 2862 1088 2907 saeculo
1104 2861 1210 2905 VIII
1234 2864 1282 2906 et
1306 2839 1568 2920 exemplum
1585 2863 1840 2920 scripturae

162 2921 521 2980 longobardicae
554 2933 653 2965 esse
685 2920 814 2966 dixit.
