2038 3192
181 165 223 208 X
778 159 1252 208 PROLEGOMENA.

182 288 320 340 Item
375 302 564 338 manus
611 283 777 336 tentia
821 281 1019 336 litteris
1067 300 1201 350 quae
1250 282 1496 334 dicuntur
1542 282 1857 335 minusculis

184 357 615 430 anglosaxonicis
664 357 863 410 saeculi
909 356 1121 409 circiter
1165 356 1295 408 noni
1342 356 1558 426 singula
1597 357 1860 426 quaedam

182 434 425 487 mutavit.
501 431 684 500 Atque
743 431 879 483 haec
931 446 1122 481 manus
1178 429 1362 482 eadem
1415 429 1581 482 fuisse
1635 431 1861 500 videtur,

183 525 317 577 quae
356 505 512 558 initio
553 504 750 558 codicis
790 504 971 572 capita
1009 520 1163 556 cruce
1200 502 1414 555 notavit
1453 506 1507 555 et
1539 508 1861 574 argumenta

180 579 366 633 brevia
405 578 623 631 addidit.

293 652 594 706 Secundum
634 651 811 703 locum
849 649 1216 719 praestantiae
1257 649 1452 703 codex
1491 649 1699 703 Musei
1731 650 1861 703 Bri-

182 727 427 781 tannici
468 725 699 792 obtinet,
739 724 831 792 qui
869 723 1010 776 inter
1047 723 1226 793 regios
1266 741 1488 776 numero
1531 723 1600 777 15
1642 725 1690 776 A
1727 724 1860 778 XVI

180 803 401 854 notatus
434 801 611 852 exstat
638 796 735 867 (R)
768 800 822 849 et
855 814 989 850 saec.
1017 796 1154 849 VIII
1186 797 1243 848 in
1276 796 1333 849 8⁰
1364 797 1557 849 litteris
1591 798 1859 851 minuscu-

180 876 247 928 lis
286 873 611 926 nitidissime
659 871 891 939 scriptus
933 873 1015 923 est
1055 868 1192 939 (foll.
1233 870 1303 922 59
1343 871 1532 939 primis
1572 870 1861 939 Iuvencum

183 943 528 1016 eontinet).*)
601 945 924 1014 Priusquam
963 945 1020 996 in
1057 943 1243 996 Iacobi
1281 944 1424 1013 regis
1462 944 1860 1013 possessionem

180 1022 350 1090 venit,
403 1021 546 1072 inter
592 1019 761 1071 libros
809 1016 903 1070 Sti.
950 1016 1249 1087 Augustini
1298 1015 1682 1071 Cantuarensis
1730 1021 1861 1087 erat,

183 1095 323 1165 quod
362 1093 456 1146 fol.
500 1094 554 1146 1a
593 1111 625 1145 a
664 1110 824 1144 manu
865 1090 1076 1144 circiter
1113 1109 1246 1144 saec.
1278 1090 1407 1142 XIV
1441 1092 1700 1160 scriptum
1732 1092 1863 1162 legi-

181 1187 314 1222 mus,
390 1166 473 1220 Ac
517 1183 703 1219 versus
752 1164 967 1233 quidem
1006 1164 1149 1217 inter
1189 1182 1245 1217 se
1285 1164 1537 1218 disiuncti
1577 1168 1724 1234 sunt,
1768 1165 1862 1218 sed

181 1260 337 1295 voces
379 1258 536 1309 saepe
577 1239 750 1292 adhuc
789 1238 932 1290 inter
972 1255 1027 1289 se
1068 1237 1357 1290 cohaerent
1390 1256 1546 1307 saepe
1577 1256 1685 1292 non
1717 1242 1861 1292 recte

183 1318 516 1383 separantur.
578 1311 910 1381 Compendia
942 1311 1240 1380 scripturae
1274 1311 1486 1379 saepius
1517 1312 1862 1365 inveniuntur

182 1407 343 1458 quam
374 1388 431 1440 in
456 1385 539 1456 Ol,
571 1386 664 1438 sed
695 1384 1088 1455 orthographia
1121 1385 1255 1437 satis
1288 1384 1577 1455 diligenter
1606 1385 1860 1439 librarius

180 1462 491 1532 perfunctus
539 1462 635 1513 est.
714 1458 851 1512 Tum
889 1458 1030 1510 ratio
1070 1458 1496 1527 praepositiones
1538 1477 1658 1512 cum
1697 1461 1861 1513 verbo

182 1534 534 1604 componendi
573 1533 757 1586 eadem
796 1531 907 1584 fere
944 1534 1026 1583 est
1059 1549 1195 1600 quae
1227 1532 1284 1583 in
1315 1530 1397 1600 Ol,
1437 1532 1531 1584 sed
1561 1533 1620 1585 in
1651 1551 1864 1603 semper

181 1610 292 1662 fere
348 1610 591 1661 servatur
646 1610 768 1659 ante
808 1624 884 1674 m,
919 1607 1058 1657 ‘ante
1103 1623 1138 1674 p
1189 1605 1400 1675 saepius
1450 1624 1610 1674 quam
1651 1606 1864 1659 adsimi-

182 1684 350 1752 latur3
387 1683 458 1735 ad
497 1684 620 1734 ante
660 1699 687 1732 r
726 1682 780 1732 et
817 1682 842 1730 t
879 1696 1284 1746 nonnumquam
1318 1682 1576 1746 servatur,
1615 1697 1707 1733 con
1739 1684 1861 1733 ante

182 1776 236 1809 m
276 1760 331 1808 et
368 1774 396 1807 r
435 1773 544 1807 non
583 1771 795 1820 semper
836 1751 1189 1804 adsimilatur.
1259 1751 1547 1805 Praeterea
1583 1754 1862 1806 nonnullis

182 1829 316 1883 locis
363 1828 658 1897 capitulum
703 1827 783 1878 ita
821 1825 1109 1892 indicatur,
1157 1829 1218 1876 ut
1254 1825 1431 1894 prima
1467 1827 1653 1879 littera
1691 1827 1864 1880 maior

184 1904 256 1955 sit
295 1920 454 1971 quam
497 1901 673 1970 prima
710 1899 898 1951 littera
935 1916 1187 1951 versuum
1229 1901 1542 1951 ceterorum.
1618 1899 1862 1969 Denique

184 1976 475 2030 auctoritas
522 1977 702 2026 textus
748 1972 852 2025 hoc
899 1971 1077 2024 codice
1125 1971 1394 2024 adservati
1438 1973 1601 2040 paulo
1650 1973 1863 2042 quidem

182 2049 404 2102 minoris
428 2047 589 2118 pretii
614 2049 695 2099 est
720 2064 880 2116 quam
907 2045 1105 2098 codicis
1124 2043 1206 2113 Ol,
1233 2063 1350 2097 cum
1377 2045 1577 2113 partim
1601 2046 1863 2100 lectiones

181 2124 423 2176 familiae
455 2120 650 2174 tertiae
681 2119 792 2172 iam
823 2119 1095 2188 praebeat,
1126 2118 1328 2187 partim
1359 2137 1528 2171 novas
1555 2120 1864 2189 susceperit,

184 2197 277 2250 sed
314 2196 448 2249 locis
486 2213 597 2248 non
634 2193 816 2263 paucis
856 2193 1143 2245 lectionem
1183 2192 1471 2261 genuinam
1510 2195 1742 2246 servavit
1777 2194 1860 2247 vel

185 2271 332 2324 solus
371 2269 458 2322 vel
497 2286 604 2321 una
644 2285 765 2320 cum
805 2264 887 2320 0¹.

295 2343 536 2396 Tertium
583 2342 761 2410 locum
808 2339 1018 2392 obtinet
1057 2339 1252 2392 codex
1290 2338 1693 2393 Monacensis
1735 2338 1862 2411 (M)

183 2418 278 2470 lat.
333 2416 477 2470 6402
525 2412 780 2486 (Frising.
829 2409 962 2483 202)
1011 2412 1074 2464 'in
1119 2409 1178 2464 4⁰
1232 2430 1366 2465 saec.
1413 2411 1564 2467 VIII.
1639 2413 1757 2466 Iam
1806 2414 1863 2467 in

183 2490 397 2543 Aretini
449 2486 784 2558 „Beytr‘age“
828 2485 935 2538 VII
988 2504 1039 2554 p.
1090 2485 1198 2538 243
1227 2504 1266 2538 S.
1322 2485 1616 2556 descriptus
1673 2490 1756 2540 est
1810 2490 1864 2540 et

185 2564 397 2634 glossas
428 2561 723 2615 theotiscas
755 2578 896 2613 nunc
929 2560 1326 2628 exscripserunt
1359 2558 1570 2613 Sievers
1603 2564 1658 2613 et
1691 2559 1862 2614 Stein-

183 2655 368 2706 meyer
413 2636 470 2688 in
508 2635 648 2688 libro
688 2634 821 2701 „Die
860 2633 1376 2686 althochdeutschen
1416 2633 1690 2687 Glossen“.
1769 2633 1862 2688 Ce-

183 2714 359 2763 terum
391 2708 526 2762 conf.
553 2707 875 2776 Gatalogum
908 2706 1149 2760 codicum
1174 2706 1489 2759 Latinorum
1522 2708 1647 2760 bibl.
1680 2709 1861 2778 regiae

183 2783 525 2836 Monacensis
570 2781 597 2833 I
644 2782 677 2834 3
730 2800 781 2850 p.
831 2781 935 2833 104
962 2798 1001 2833 s,
1076 2779 1190 2832 Fol.
1237 2780 1291 2831 1⁸·
1329 2780 1592 2850 scriptum
1631 2781 1860 2851 legimus

300 2941 343 2999 ³¹⁵)
372 2941 556 2988 Videsis
590 2940 647 2986 de
679 2954 733 2985 eo
766 2937 1187 2996 Zangemeisterum
1226 2938 1256 2986 l.
1290 2938 1320 2985 1.
1353 2955 1398 2996 p.
1431 2943 1531 2986 513.
