2038 3192
9 567 18 626 ἓ

782 143 1239 189 PROLEGOMENA
1247 178 1256 187 .
1798 146 1863 191 XI

182 266 342 332 (saec.
381 266 460 320 XI
498 267 586 320 vel
624 262 781 337 XII):
828 265 933 318 iste
980 264 1055 317 lib
1103 274 1131 316 e
1173 274 1260 318 sce
1303 264 1472 318 marie
1511 266 1556 318 7
1597 274 1674 318 sci
1713 266 1866 319 corbi

180 341 350 409 frisig.
434 339 613 394 Codex
675 339 872 392 litteris
926 338 1243 392 minusculis
1299 339 1532 407 scriptus
1588 337 1736 392 foliis
1791 339 1863 392 63

178 415 468 468 Iuvencum
507 432 675 483 usque
715 413 782 465 ad
820 411 899 465 IV
934 412 1039 466 789
1079 412 1340 481 continet,
1380 412 1473 465 sed
1511 412 1568 466 in
1608 413 1863 466 extremis

177 487 324 541 foliis
385 487 548 541 tineis
610 488 800 539 misere
863 504 1049 539 erosus
1113 489 1166 538 et
1226 486 1372 539 lacer
1434 490 1530 539 est.
1607 485 1862 549 Quamvis

180 562 401 631 scriptio
448 561 644 615 codicis
692 579 803 614 non
844 560 954 612 iam
994 560 1251 613 continua
1291 560 1384 628 sit,
1431 563 1613 614 tamen
1653 561 1865 614 librarii

174 634 324 705 (nam
364 638 475 688 tres
516 637 671 687 erant
710 636 971 703 quantum
1011 633 1145 703 vidi)
1186 633 1372 686 multis
1412 634 1546 687 locis
1582 636 1749 688 verba
1780 635 1864 688 vel

175 727 361 762 versus
407 707 549 762 falso
599 708 961 760 distinxerunt
999 708 1162 760 verba
1200 711 1654 777 transposuerunt
1693 709 1865 762 multa

177 782 286 836 alia
324 782 519 836 menda
550 782 899 851 admiserunt,
940 800 1075 852 quae
1107 784 1299 851 postea
1330 781 1622 835 maximam
1652 786 1864 851 partem

176 875 208 909 a
262 856 468 910 duobus
524 855 917 910 correctoribus
974 855 1257 908 emendata
1311 858 1452 908 sunt.
1529 856 1667 909 Tum
1723 875 1863 910 com·

174 930 370 1000 pendia
439 930 735 1000 scripturae
801 929 974 982 multo
1040 929 1252 998 saepius
1315 948 1476 998 quam
1537 930 1595 982 in
1659 929 1727 984 Ol
1788 931 1865 983 in-

173 1004 462 1057 veniuntur
501 1009 556 1057 et
595 1003 991 1073 orthographia
1026 1003 1407 1073 neglegentior
1446 1006 1544 1057 est.
1608 1002 1864 1073 Capitula

173 1077 328 1131 initio
362 1078 577 1147 quidem
609 1078 794 1131 littera
824 1078 861 1129 k
890 1077 950 1129 in
981 1079 1227 1148 margine
1257 1077 1472 1145 adpicta
1496 1080 1550 1130 et
1574 1096 1605 1130 a
1631 1078 1862 1132 secundo

175 1155 229 1204 et
282 1153 446 1206 tertio
500 1151 728 1205 librario
782 1152 968 1204 littera
1022 1151 1200 1220 prima
1250 1151 1514 1205 crassiore
1563 1151 1862 1223 signantur.

171 1225 417 1295 Denique
458 1225 754 1279 auctoritas
793 1228 975 1278 textus
1006 1243 1118 1279 non
1146 1228 1305 1278 tanta
1337 1229 1419 1278 est
1452 1244 1587 1295 quae
1621 1226 1860 1280 codicum

174 1298 243 1353 0¹
275 1303 330 1352 et
353 1300 419 1369 R,
451 1319 573 1353 cum
605 1317 991 1383 saepenumero
1024 1317 1134 1352 non
1166 1299 1326 1352 modo
1359 1300 1570 1370 glossas
1603 1299 1864 1353 inlocum

174 1373 470 1426 lectionum
531 1374 886 1444 genuinarum
947 1376 1190 1442 receptas
1253 1391 1368 1426 esse
1426 1378 1709 1443 appareat,
1773 1374 1865 1426 sed

175 1447 340 1500 etiam
386 1450 569 1501 textus
617 1448 697 1500 ita
742 1449 984 1500 mutatus
1033 1448 1126 1516 sit,
1176 1450 1237 1499 ut
1284 1465 1383 1517 pro
1423 1447 1645 1501 vocibus
1685 1448 1862 1501 minus

177 1521 392 1574 usitatis
438 1521 681 1575 tritiores
731 1521 940 1590 positae
989 1521 1123 1589 sint,
1171 1539 1276 1590 quo
1315 1521 1533 1591 planius
1574 1522 1758 1575 omnia
1795 1522 1865 1575 le-

178 1597 390 1665 gantur.
453 1593 607 1656 Quod
638 1596 825 1647 multis
859 1613 923 1648 ex
955 1594 1088 1648 locis
1114 1595 1459 1664 perspicuum
1483 1598 1588 1664 est3
1622 1598 1863 1649 attamen

175 1686 286 1722 non
330 1668 638 1738 negandum
686 1673 791 1737 est,
840 1668 1193 1737 archetypum
1232 1668 1430 1722 codicis
1469 1669 1545 1722 Μ
1574 1687 1638 1722 ex
1678 1670 1864 1722 eodem

175 1741 326 1795 fonte
373 1742 612 1811 fluxisse,
666 1760 731 1795 ex
778 1760 884 1811 quo
930 1741 983 1794 R
1028 1746 1083 1794 et
1129 1740 1175 1795 C
1182 1740 1212 1793 ¹.
1288 1741 1481 1811 Itaque
1529 1742 1864 1796 adfinitatem

181 1815 422 1868 codicum
468 1816 634 1868 trium
679 1815 1272 1884 praestantissimorum
1315 1816 1418 1870 hoc
1458 1819 1746 1870 stemmate
1785 1818 1865 1869 in-

180 1889 390 1943 dicabo:

890 1983 1149 2059 αχγχδ

1125 2079 1131 2253 Ι

987 2258 1175 2311 RM

890 2034 926 2178 ἐς

856 2182 924 2311 01

174 2403 329 2457 Unde
369 2404 615 2474 efficitur,
653 2404 826 2458 tribus
865 2405 949 2458 his
983 2405 1266 2459 codicibus.
1289 2405 1540 2474 inprimis
1575 2423 1709 2474 opus
1742 2422 1860 2458 esse

175 2477 242 2530 ad
280 2479 487 2530 textum
526 2479 792 2548 poematis
833 2479 1031 2550 glossis
1070 2482 1125 2532 et
1163 2479 1554 2532 additamentis
1585 2478 1710 2532 hinc
1741 2478 1863 2532 inde

176 2551 529 2619 depravatum
574 2553 917 2624 purgandum
966 2555 1043 2622 et,
1100 2556 1362 2622 quantum
1399 2553 1518 2605 fieri
1557 2555 1760 2621 potest,
1808 2553 1881 2604 in.

178 2624 451 2695 integrum
482 2626 889 2680 restituendum.
945 2624 1187 2680 Secundo
1222 2627 1340 2680 loco
1374 2626 1586 2680 codices
1620 2644 1752 2679 saec.
1785 2625 1864 2678 IX

176 2698 411 2767 ponendi
451 2701 504 2750 et
536 2698 604 2751 ad
634 2700 894 2754 lectiones
928 2700 1206 2770 archetypi
1239 2700 1594 2769 explorandas
1626 2701 1711 2753 vel
1744 2717 1865 2752 con·

178 2772 471 2825 firmandas
505 2772 792 2826 adhibendi
824 2778 990 2827 erant.
1047 2772 1383 2827 Coniecturis
1415 2774 1666 2827 consulto
1701 2791 1865 2841 quam

179 2845 472 2912 plurimum
505 2846 745 2899 abstinui
776 2852 830 2900 et
859 2847 917 2900 in
946 2848 1106 2900 rebus
1137 2847 1574 2918 orthographicis
1600 2849 1865 2915 quantum

181 2917 357 2972 facere
410 2922 658 2989 poteram
709 2920 1033 2990 scripturam
1079 2921 1319 2975 codicum
1366 2920 1866 2989 antiquissimorum
