2038 3192
816 150 870 197 V.
904 156 1045 197 573—
1052 157 1152 198 636.
1747 156 1817 210 99

136 270 406 325 Mandatis
446 271 799 341 precibusque
839 271 1014 325 virum
1055 291 1315 342 suspensa
1353 275 1600 345 rogabat.
1730 289 1816 330 605

136 344 273 398 Tum
311 345 469 398 iudex
507 345 704 398 iterum
742 362 1024 414 procerum
1065 347 1358 416 disquirere
1398 351 1635 402 mentem

135 418 412 488 Temptat,
451 422 505 471 et
544 419 773 472 instanti
812 422 1068 488 cuperent
1109 439 1267 490 quem
1309 422 1515 475 solvere
1554 440 1744 492 poena,

132 492 313 546 Plebis
355 493 424 546 ad
463 492 751 546 arbitrium
792 492 937 546 mitti
976 493 1040 545 de
1078 494 1198 564 lege
1239 496 1479 565 requirit.

135 565 239 620 Sed
278 585 527 637 proceres
566 567 827 636 populum
865 565 990 619 fusa
1029 568 1324 621 ambitione
1364 570 1655 639 rogabant,

134 640 425 694 Latronem
464 640 575 710 legi
611 642 858 709 peterent
898 639 1282 711 Christumque
1321 646 1600 712 negarent.
1732 658 1818 698 610

133 715 209 767 At
247 718 536 784 postquam
573 732 856 783 procerum
897 714 1134 767 incendit
1173 717 1443 770 sententia
1481 717 1726 788 vulgum,

130 788 495 857 Latronisque
529 788 669 857 petit
707 789 889 858 potius
929 789 1036 842 sibi
1075 789 1260 842 cedere
1299 790 1490 859 vitam,

132 860 420 915 Consuluit
459 872 677 932 praeses
716 862 1001 932 populum,
1041 862 1169 932 quid
1208 863 1373 916 vellet
1413 863 1612 923 Iesum.

129 935 293 989 Plebs
332 936 551 990 incensa
588 936 733 989 malo
773 954 963 989 saevos
1003 936 1226 990 miscere
1266 937 1557 1006 tumultuS,

129 1009 205 1062 Et
243 1010 415 1064 crucis
456 1010 524 1064 ad
561 1027 764 1079 poenas
803 1010 1105 1093 iterumque
1136 1010 1438 1080 iterumque
1469 1011 1704 1081 petebat,
1730 1026 1815 1066 615

131 1082 234 1145 Qui
273 1083 416 1154 regis
456 1101 654 1137 nomen
692 1086 932 1153 cuperet,
972 1083 1064 1152 qui
1104 1081 1352 1137 Caesaris
1393 1084 1607 1138 hostem

131 1155 423 1210 Confessus
462 1175 579 1211 sese
618 1157 842 1227 proprio
882 1157 1220 1211 damnaverit
1258 1176 1365 1211 ore.

129 1230 373 1300 Denique
412 1232 466 1284 vi
505 1233 681 1286 victus
722 1231 1128 1301 detestatusque
1167 1235 1446 1284 cruentum

129 1303 379 1358 Officium
416 1305 744 1375 increpitans
785 1323 843 1358 se
882 1305 1054 1358 libera
1092 1305 1371 1373 sanguinis
1410 1305 1570 1359 huius

130 1377 307 1432 Corda
345 1379 528 1432 tenere
569 1379 695 1447 sibi,
735 1396 1022 1448 coramque
1061 1397 1095 1431 a
1133 1379 1354 1432 crimine
1393 1380 1602 1448 palmas
1728 1394 1814 1436 620

129 1451 344 1521 Abluit‚
383 1457 445 1505 ut
485 1453 635 1523 genti
674 1455 890 1505 tantum
930 1453 1144 1506 macula
1180 1452 1279 1506 illa
1318 1458 1576 1507 maneret,

127 1525 246 1579 Hoc
285 1527 463 1598 magis
503 1527 822 1580 inclamant:
861 1525 1039 1596 „Nos,
1076 1544 1178 1580 nos
1216 1545 1376 1581 cruor
1405 1526 1510 1580 iste
1542 1531 1816 1598 sequatur,

125 1599 202 1652 Et
240 1618 409 1671 genus
448 1601 506 1653 in
541 1604 790 1654 nostrum
830 1600 1004 1654 scelus
1043 1599 1146 1653 hoc
1186 1603 1241 1653 et
1279 1601 1440 1670 culpa
1478 1601 1786 1655 redundet.“

125 1672 335 1727 Pilatus
376 1674 543 1727 donat
579 1674 728 1743 plebi
767 1673 982 1744 legique
1019 1672 1313 1728 Barabban

126 1746 200 1800 Et
239 1748 412 1801 crucis
451 1748 519 1801 ad
558 1765 788 1818 poenam
826 1747 1000 1801 victus
1039 1747 1284 1801 concedit
1319 1747 1514 1801 Iesum.
1725 1762 1812 1803 625

202 1821 457 1875 Proditor
495 1822 563 1875 ad
601 1821 785 1891 IudaS,
822 1823 1111 1891 postquam
1151 1840 1209 1875 se
1247 1821 1384 1874 talia
1422 1821 1592 1875 cernit

128 1895 365 1963 Accepto
407 1896 621 1949 sceleris
661 1896 838 1965 pretio
878 1894 1124 1965 signasse
1162 1894 1452 1965 furentem,

127 1968 323 2022 Infelix
362 1970 502 2023 veris
544 1969 806 2023 damnans
847 1987 945 2022 sua
984 1972 1143 2040 gesta
1181 1969 1436 2038 querellis

126 2042 362 2096 Proiecit
399 2044 606 2114 templo
645 2046 762 2097 tum
802 2042 1081 2096 detestans
1121 2046 1424 2112 argentum.

127 2116 478 2188 Exorsusque
518 2135 643 2171 suas
682 2118 876 2187 laqueo
918 2116 1023 2169 sibi
1064 2134 1274 2170 sumere
1313 2134 1515 2186 poenas
1725 2131 1813 2173 630

126 2188 421 2244 Informem
459 2191 643 2261 rapuit
679 2191 813 2245 ficus
854 2190 918 2243 de
956 2191 1156 2244 vertice
1195 2194 1442 2244 mortem.

125 2263 257 2317 Inde
278 2265 624 2333 sacerdotes,
661 2264 897 2335 pretium
937 2263 1080 2333 quod
1121 2265 1400 2334 sanguinis
1441 2268 1604 2335 esset,

124 2336 398 2391 Inlicitum
437 2338 618 2392 fantes
657 2338 836 2408 adytis
878 2337 1166 2392 concedere
1206 2338 1422 2408 templi,

127 2409 280 2473 Quod
320 2411 448 2465 dare
486 2415 606 2466 tum
644 2412 878 2480 licitum,
915 2412 1044 2464 dum
1083 2412 1306 2483 sanguis
1345 2411 1752 2481 distraheretur,

127 2483 454 2554 Credebant,
494 2503 688 2555 agrum
727 2485 952 2539 mercati
989 2485 1207 2538 nomine
1247 2503 1374 2539 vero
1725 2499 1812 2541 635

127 2556 418 2629 Sanguinis
428 2603 443 2629 ,
480 2559 747 2614 horrendo
789 2559 1009 2630 signant
1048 2559 1252 2613 scelera
1290 2559 1458 2630 impia
1495 2559 1657 2614 factO.

246 2707 333 2749 608
363 2704 559 2748 mitti—
579 2703 775 2761 requirit
814 2704 872 2750 01
889 2704 996 2749 Mat
1016 2703 1102 2760 T*,
1141 2704 1363 2749 mittit—
1379 2704 1553 2760 requiri
1575 2706 1591 2762 fl
1615 2707 1701 2748 610
1733 2716 1810 2748 ne·

125 2764 293 2820 garent
324 2762 399 2806 01·
411 2762 429 2788 ⁸
447 2762 607 2810 TBod
622 2763 697 2810 71·
709 2763 775 2819 ¹³¹⁸,
806 2765 1027 2809 necarent
1056 2762 1324 2820 (perderent
1351 2763 1434 2820 M)
1460 2764 1477 2820 Ι]
1500 2768 1583 2809 611
1617 2762 1811 2819 vulgum

127 2821 487 2880 0¹MatV¹TSy
485 2823 683 2889 ,vulgus
704 2825 721 2880 ΙΙ
744 2823 1000 2868 6131esum
1018 2778 1103 2866 01Ρ
1102 2821 1335 2876 ²MatB*‚
1352 2822 1456 2866 Iesu
1478 2823 1495 2879 ΙΙ
1518 2825 1602 2866 617
1621 2821 1809 2887 damna·

128 2882 259 2925 verat
275 2880 338 2924 M
354 2882 370 2938 11
393 2885 480 2925 619
503 2880 629 2926 incre
664 2884 788 2927 itane
806 2881 844 2926 O
875 2884 882 2938 1
906 2884 992 2927 625
1015 2879 1226 2926 vinctum
1248 2881 1296 2924 R
1317 2883 1334 2938 ΙΙ
1357 2884 1443 2925 628
1468 2879 1590 2925 veris
1618 2878 1687 2935 01,
1720 2878 1810 2923 eris

128 2939 255 2993 Mat,
287 2937 442 2996 aegris
465 2927 590 2995 ls629
659 2881 906 2986 etestabiie
938 2939 1068 2996 Mat,
1101 2939 1358 2985 detestatus
1389 2938 1506 2983 Rom
1522 2938 1632 2982 Med

1483 3010 1543 3055 7*
