2038 3192
227 128 299 181 86
921 130 1103 178 LIBER
1132 131 1209 178 TV.

228 247 285 302 Si
326 249 486 303 sciret
525 252 730 303 certum
770 249 905 304 furis
945 251 1196 305 insistere
1234 255 1449 323 tempus

227 322 463 393 Quisque
504 325 694 377 domus
735 315 939 393 custOS,
978 326 1232 396 vigilaret
1272 330 1326 379 et
1366 327 1526 381 obvia
1564 326 1732 382 ferret
1825 342 1909 384 180

224 397 394 450 Arma
432 399 643 480 procul,
682 401 871 483 ruptas
909 417 977 452 ne
1018 400 1136 468 quis
1175 403 1486 469 penetraret
1524 401 1582 454 in
1621 402 1790 456 001108.

227 467 332 524 Sed
370 489 468 524 vos
506 470 729 524 intentis
770 472 965 525 animis
1005 474 1252 527 adsistite
1293 492 1518 544 semper,

222 543 470 614 Namque
509 547 822 615 repentinus
861 546 1015 600 vobis
1055 548 1373 617 subitusque
1412 552 1650 602 recurret

223 617 393 672 Filius
432 619 536 672 huc
576 619 809 673 hominis
849 619 1009 673 iustis
1051 640 1148 675 sua
1185 621 1426 691 praemia
1465 641 1702 676 servans,

222 689 324 745 Ille
364 692 536 745 fidelis
578 693 681 746 erit
721 712 930 763 servus,
969 694 1054 747 cui
1093 697 1305 748 credere
1344 699 1536 749 cuncta
1702 727 1705 730 ·
1823 710 1905 753 185

222 764 399 820 Aedes
440 769 494 819 et
530 765 765 821 famulos
805 768 980 821 voluit
1018 787 1114 838 per
1153 770 1319 852 longa
1357 769 1632 838 profectus

222 837 324 892 Vir
359 841 570 910 pater
555 860 669 910 1Ρ80
711 842 920 895 domus:
963 842 1177 912 sapiens
1216 843 1549 913 nimiumque
1588 845 1803 915 beatuS,

224 911 394 975 Quem
434 915 656 968 veniens
695 914 960 969 Dominus
1002 921 1305 969 servantem
1345 918 1491 970 iussa
1530 918 1746 972 videbit.

222 985 388 1042 Illum
430 989 625 1043 maiori
662 990 927 1043 famulum
967 990 1242 1043 redimibit
1278 991 1497 1044 honore.

222 1059 328 1114 Ast
366 1061 462 1115 ille
498 1062 709 1131 infelix,
750 1064 842 1133 qui
882 1064 1098 1117 sordida
1136 1065 1438 1117 luxuriatus
1822 1080 1905 1120 190

222 1133 550 1191 Tardantem
590 1140 936 1221 contempnet
974 1138 1186 1206 herum,
1225 1138 1567 1208 famulosque
1604 1138 1846 1210 fatigans

219 1206 552 1265 Verberibus
593 1211 851 1294 segnique
882 1211 1174 1295 indulgens
1216 1212 1466 1265 ebrietati

219 1281 644 1338 Luxuriosorum
683 1285 930 1339 convivia
969 1285 1379 1356 concelebrarit3

219 1354 488 1411 Adveniet
529 1359 779 1412 dominus
821 1377 1140 1427 servumque
1179 1359 1399 1412 incauta
1436 1359 1706 1413 furentem

218 1429 579 1502 Praecipitem
619 1433 797 1503 dignis
836 1451 1132 1502 poenarum
1173 1433 1413 1485 cladibus
1454 1434 1630 1498 abdet.
1821 1447 1904 1488 195
1956 1467 1961 1470 -

218 1504 379 1558 Illum
416 1510 710 1575 perpetuus
749 1506 905 1559 fletus
946 1505 1252 1574 stridorque
1293 1507 1547 1559 manebit
1551 1507 1580 1533 “

291 1577 578 1648 „Conferri
614 1583 846 1650 possunt
885 1581 1139 1633 caelestia
1176 1597 1345 1649 regna
1382 1581 1577 1649 puellis

217 1650 312 1705 Bis
354 1654 554 1724 quinis,
592 1672 720 1723 pars
761 1657 844 1707 est
882 1672 1109 1723 quarum
1150 1654 1446 1722 sapientior
1484 1672 1614 1722 una,

218 1726 412 1780 Altera
449 1727 823 1797 praestupido
841 1746 968 1798 pars
1010 1730 1092 1780 est
1133 1727 1484 1780 stolidissima
1525 1728 1695 1781 corde.

219 1799 511 1854 Occurrere
551 1803 680 1854 illae
718 1803 861 1855 votis
904 1801 1246 1871 sponsalibus
1287 1820 1471 1854 01111108
1816 1816 1902 1856 200

220 1873 430 1927 Ornatu
470 1875 739 1929 accinctae
777 1876 1058 1928 taedarum
1098 1875 1629 1930 flammicomantum.

218 1945 323 2000 Sed
362 1949 577 2018 sapiens
616 1967 744 2018 pars
784 1949 911 2017 illa,
941 1948 1045 2000 sibi
1084 1966 1189 2017 quo
1230 1948 1436 2001 lumina
1474 1949 1723 2013 flammae

218 2018 548 2092 Susciperet,
587 2026 805 2091 portare
847 2022 1009 2074 simul
1049 2022 1274 2074 curabat
1313 2022 1532 2074 olivum.

218 2093 522 2149 Stultarum
561 2115 688 2150 vero
727 2114 838 2149 non
877 2099 960 2148 est
997 2095 1284 2165 prudentia
1322 2095 1463 2148 talis,

218 2168 459 2238 Cumque
499 2173 801 2223 moraretur
841 2188 1092 2239 8Ρο118118,
1131 2173 1247 2221 tum
1288 2169 1531 2220 membra
1570 2186 1763 2237 sopore
1813 2182 1900 2223 205

218 2241 516 2296 Solvuntur
553 2247 776 2297 cunctae
815 2262 911 2312 per
951 2242 1186 2311 compita
1223 2243 1338 2294 lata
1376 2242 1603 2294 viarum.

215 2315 332 2369 Iam
371 2318 546 2370 noctis
586 2317 761 2370 medio
802 2317 1006 2369 clamor
1045 2316 1376 2369 crebrescere
1418 2334 1647 2386 magnus

214 2389 499 2460 Exoritur,
539 2391 790 2460 laetoque
831 2390 1021 2443 dehinc
1062 2407 1338 2443 occurrere
1378 2392 1505 2442 voto

215 2463 516 2516 Admonuit
554 2464 835 2533 taedisque
874 2465 991 2516 vias
1033 2475 1224 2516 ornare
1265 2463 1517 2525 coruscis

217 2535 445 2607 Surgere
485 2537 788 2608 virginibus
827 2540 1200 2607 properatum,
1240 2540 1295 2588 et
1333 2537 1538 2588 lumina
1578 2536 1750 2589 taedis
1813 2550 1900 2590 210

336 2686 419 2727 179
451 2682 643 2727 111108-
663 2682 801 2726 rebus
825 2681 991 2726 MRA
1013 2682 1028 2738 u
1054 2686 1138 2726 185
1171 2683 1361 2726 cunctas
1388 2681 1554 2724 MRI
1566 2680 1660 2737 0³11
1686 2685 1768 2726 190
1801 2695 1901 2726 sor-

216 2740 323 2785 dide
355 2741 474 2786 ΒΜ
505 2742 520 2796 ΙΙ
564 2746 647 2785 191
682 2743 984 2797 contempnat
1013 2741 1059 2784 R
1072 2742 1132 2784 M
1168 2743 1174 2796 Ι
1220 2739 1424 2793 fatioait
1457 2739 1526 2795 (3²,
1566 2739 1738 2797 fatiget
1767 2740 1898 2794 RM,

213 2800 416 2857 fatigans
444 2800 485 2844 T
499 2800 677 2845 V¹Mat
699 2801 714 2857 ss
741 2804 823 2843 193
858 2799 1203 2844 concelebraret
1221 2798 1287 2843 01·
1304 2799 1334 2853 ³,
1367 2755 1689 2858 conceleblffllm
1683 2799 1744 2843 M
1757 2801 1791 2854 (-
1775 2798 1901 2843 -bra-

215 2859 286 2903 bit
302 2815 419 2915 g0²),
458 2858 817 2904 concelebrabat
847 2858 912 2914 R,
954 2857 1299 2903 concelebrauit
1330 2857 1436 2902 Mat
1458 2859 1473 2915 ΙΙ
1497 2862 1583 2902 210
1613 2858 1900 2914 properatim

223 2917 285 2962 V¹
299 2917 366 2977 Sy
380 2918 481 2964 BA
506 2919 514 2975 1
542 2918 614 2962 est
646 2917 884 2963 G¹LBar
