2038 3192
872 787 1384 850 PRAEFATIO.

390 1019 690 1074 Inmortale
727 1022 866 1074 nihil
904 1022 1090 1074 mundi
1129 1039 1388 1092 compage
1426 1024 1656 1091 tenetur,

279 1094 406 1148 Non
445 1095 615 1160 orbiS,
653 1114 763 1148 non
801 1113 969 1164 regna
1007 1095 1307 1164 hominum,
1345 1113 1456 1148 non
1496 1114 1658 1148 aurea
1697 1095 1890 1165 Roma,

279 1168 406 1222 Non
444 1187 614 1238 mare,
652 1187 762 1221 non
800 1170 985 1238 telluS,
1023 1187 1135 1222 non
1171 1169 1331 1239 ignea
1370 1169 1546 1222 sidera
1584 1169 1735 1222 caeli.

279 1241 424 1295 Nam
467 1243 662 1295 statuit
703 1243 915 1312 genitor
953 1261 1133 1295 rerum
1170 1243 1531 1295 inrevocabile
1571 1247 1783 1311 tempus
1793 1285 1808 1311 ,

279 1315 395 1378 Quo
437 1319 686 1368 cunctum
719 1319 931 1369 terrens
962 1316 1142 1385 rapiat
1172 1315 1390 1368 flamma
1420 1316 1614 1368 ultima
1645 1316 1919 1370 mundum.
1938 1329 1963 1369 5

280 1389 384 1443 Sed
422 1393 607 1442 tamen
644 1391 955 1442 innumeros
995 1390 1242 1443 homines
1284 1389 1538 1442 sublimia
1576 1390 1723 1443 faeta

277 1463 357 1516 Et
393 1463 613 1515 virtutis
651 1463 825 1516 honos
864 1463 920 1515 in
959 1466 1207 1532 tempora
1244 1463 1411 1533 longa
1448 1463 1821 1533 frequentant,

279 1536 641 1589 Aoeumulant
683 1555 910 1605 quorum
949 1536 1152 1589 famam
1191 1537 1482 1606 laudesque
1521 1540 1728 1605 poetae.

279 1610 394 1663 Hos
436 1611 565 1662 celsi
604 1613 816 1680 cantus,
858 1609 1117 1679 Smyrnae
1158 1610 1221 1662 de
1260 1610 1408 1662 fonte
1447 1610 1697 1677 fluentes,

276 1683 412 1737 Illos
451 1682 751 1736 Minciadae
792 1684 1030 1736 celebrat
1071 1680 1293 1736 dulcedo
1333 1683 1588 1736 Maronis,
1907 1698 1960 1737 10

276 1756 393 1810 Nee
431 1757 607 1810 minor
645 1757 886 1826 ipsorum
927 1757 1180 1810 discurrit
1219 1757 1397 1827 gloria
1435 1760 1645 1822 vatum,

278 1830 425 1892 Quae
465 1833 648 1883 manet
686 1834 935 1883 aeternae
976 1831 1189 1899 similis,
1229 1831 1354 1883 dum
1395 1831 1573 1884 saecla
1611 1831 1886 1900 volabunt,

275 1903 351 1957 Et
389 1904 599 1974 vertigo
639 1904 753 1973 poli
791 1907 966 1957 terras
1008 1906 1171 1972 atque
1212 1922 1447 1973 aequora
1486 1905 1688 1957 circum

277 1976 521 2030 Aethera
561 1977 825 2030 sidereum
862 1979 1010 2030 iusso
1050 1977 1412 2042 moderamine
1453 1978 1652 2031 volvet.

280 2050 436 2123 Quod
477 2051 523 2103 si
563 2054 677 2103 tam
715 2051 935 2121 longam
976 2054 1286 2104 meruerunt
1325 2051 1565 2103 carmina
1602 2050 1825 2119 famam,
1905 2065 1957 2104 15

278 2117 425 2186 Quae
464 2127 706 2177 veterum
746 2125 915 2195 gestis
953 2124 1232 2177 hominum
1272 2124 1551 2177 mendacia
1587 2127 1828 2194 nectunt,

278 2197 454 2251 Nobis
495 2202 644 2251 certa
681 2198 813 2251 fides
854 2201 1104 2251 aeternae
1143 2198 1200 2251 in
1241 2198 1455 2251 saecula
1494 2198 1668 2250 laudis

277 2271 576 2325 Inmortale
617 2272 776 2325 decus
815 2272 1040 2340 tribuet,
1079 2271 1437 2341 meritumque
1477 2271 1747 2341 rependet.

279 2344 427 2398 Nam
466 2345 601 2397 mihi
640 2363 856 2398 carmen
895 2345 996 2398 erit
1034 2343 1239 2398 Christi
1268 2345 1470 2398 vitalia·
1508 2348 1682 2414 gesta,

277 2418 534 2472 Divinum
572 2419 786 2488 populis
825 2418 952 2471 falsi
994 2419 1107 2472 sine
1148 2419 1367 2471 erimine
1408 2419 1621 2471 donum.
1904 2433 1961 2472 20

279 2490 394 2546 Nee
433 2495 633 2561 metus,
673 2496 735 2545 ut
772 2492 956 2545 mundi
994 2491 1208 2562 rapiant
1247 2492 1492 2545 incendia
1530 2511 1711 2545 seeum

405 2651 471 2695 IN
524 2651 769 2696 NOMINE
824 2651 965 2706 ATQ:
1020 2650 1352 2697 ADIUTORIO
1407 2652 1755 2697 TRINITATIS
1810 2642 1963 2697 ΞΟΠ

279 2709 487 2754 AMEN
528 2710 752 2755 INCIPIT
790 2710 1111 2756 PROLOGUS
1151 2710 1482 2756 EUANGELII
1519 2711 1804 2756 UsstsUUM
1841 2714 1960 2768 (ver-

284 2784 436 2840 suum)
486 2786 539 2828 in
587 2785 667 2838 M,
728 2783 954 2828 INCIPIT
1000 2784 1298 2829 PREFATIO
1346 2773 1602 2831 1VVEN01
1644 2785 1757 2830 PRS
1801 2786 1854 2829 in
1897 2783 1960 2839 R,

283 2841 433 2886 ITEM
464 2819 810 2888 PRAEFATIO
842 2845 894 2888 in
933 2843 999 2887 V²
1024 2845 1039 2900 ΙΙ
1078 2849 1104 2888 9
1137 2844 1346 2889 Smirnae
1381 2845 1434 2889 01
1466 2847 1481 2903 ΙΙ
1522 2851 1574 2890 13
1607 2845 1758 2928 aidque
1786 2855 1960 2900 aegora

277 2915 512 3007 {arrhata
518 2915 796 3005 —Lpequora
830 2902 885 2948 01
919 2904 935 2959 ΙΙ
981 2907 1037 2948 20
1067 2903 1254 2960 populis
1285 2905 1383 2949 sine
1412 2904 1463 2948 in
1497 2904 1551 2949 01
1575 2903 1657 2959 V,
1686 2905 1739 2948 in
1770 2901 1827 2946 01
1857 2915 1958 2959 sup
