2038 3192
229 173 302 225 50
934 173 1117 220 LIBER
1146 176 1203 222 II.

227 294 343 348 Nec
382 295 596 364 genitor
636 312 962 364 quemquam
1000 296 1169 348 vestri
1208 315 1264 350 se
1302 297 1476 351 iudice
1517 303 1763 369 quaeret,

229 368 332 420 Sed
374 369 522 421 dedit
561 368 694 421 haec
731 372 863 422 nato
905 370 1194 438 quaerendi
1232 371 1352 423 iura
1389 390 1486 440 per
1526 373 1736 442 orbem,

229 441 419 495 Gloria
461 460 567 510 quo
607 445 828 495 maneat
867 442 1061 494 similis
1100 446 1335 513 natoque
1374 447 1638 515 patrique.
1829 460 1916 501 645

226 515 476 584 Namque
515 516 762 583 repulsus
802 516 905 568 erit
944 519 1125 571 vestro
1166 519 1211 570 si
1249 521 1412 570 natus
1450 518 1679 590 honore,

225 588 586 657 Improbitate
625 589 745 658 pari
785 590 1087 659 genitorem
1127 590 1448 661 despicietis.

227 661 331 715 Sed
370 663 454 716 cui
493 665 685 715 nostra
721 662 885 715 fidem
925 665 1186 716 sermonis
1228 666 1406 735 gratia
1444 665 1589 735 figit,

223 736 352 788 Mox
391 754 476 789 me
514 736 782 789 mittentis
823 737 1084 806 genitoris
1125 737 1264 790 dona
1302 742 1583 808 patescent

223 810 625 879 Aeternamque
665 810 816 862 dabit
855 828 1111 880 praesens
1152 813 1460 865 constantia
1500 814 1683 866 vitam.
1828 827 1914 868 650

223 883 594 952 Iudiciumque
632 883 718 935 illi
755 902 866 936 non
906 889 1008 953 est,
1050 884 1142 937 sed
1181 886 1381 955 migrat
1421 887 1487 939 ab
1530 890 1649 939 atra

222 957 403 1010 Morte
443 957 634 1026 procul
673 957 915 1026 lucisque
954 959 1143 1027 vigens
1184 959 1250 1011 ad
1289 960 1478 1012 limina
1516 961 1702 1014 tendit.

295 1030 563 1083 Adveniet
601 1033 815 1100 tempus
826 1074 840 1099 ‚
879 1049 1000 1084 cum
1040 1035 1254 1085 mortua
1294 1052 1522 1102 corpora
1561 1052 1747 1087 vocem

220 1103 507 1174 Accipient
545 1107 790 1157 nostram
831 1108 885 1157 et
922 1106 1094 1158 vitam
1134 1124 1255 1158 cum
1292 1125 1422 1159 voce
1461 1108 1738 1161 tenebunt.

220 1177 366 1230 Nam
407 1178 544 1230 sicut
582 1178 797 1246 genitor
834 1178 1006 1230 vitam
1045 1180 1149 1231 sibi
1186 1180 1432 1248 possidet
1469 1181 1525 1233 in
1565 1199 1643 1250 se,
1822 1195 1908 1235 655

222 1250 308 1304 Sic
354 1251 550 1304 tribuit
586 1255 714 1304 nato
753 1251 945 1320 vitam,
986 1255 1039 1304 et
1078 1253 1161 1304 ius
1203 1253 1378 1305 dicere
1416 1253 1595 1324 iussit,

219 1324 286 1376 In
324 1328 499 1377 terras
539 1324 778 1377 hominis
819 1324 1234 1393 quoniam-cum
1273 1344 1497 1396 corpore
1534 1329 1699 1380 venit.

219 1397 334 1452 Nec
371 1398 529 1452 vobis
569 1398 767 1451 mirum
806 1398 1074 1468 videatur,
1115 1418 1344 1468 corpora
1384 1404 1579 1454 cuncta

219 1472 383 1526 Vocis
426 1472 495 1524 ad
534 1472 778 1524 auditum
816 1473 1053 1541 propriis
1095 1491 1380 1542 exsurgere
1419 1474 1619 1544 bustis,

217 1545 599 1615 Iustorumque
639 1545 847 1598 animas
886 1545 1129 1599 redivivo
1170 1565 1393 1616 corpore
1431 1548 1597 1616 necti,
1823 1563 1909 1603 660

218 1618 535 1688 Iudicioque
576 1619 732 1688 gravi
769 1619 998 1672 miseros
1040 1637 1327 1690 exsurgere
1367 1638 1582 1690 pravos

219 1692 335 1746 Nec
374 1693 509 1744 mihi
548 1692 802 1745 iudicium
841 1692 1035 1745 tribuit
1072 1711 1194 1746 mea
1234 1692 1352 1746 sola
1389 1697 1656 1764 potestaS,

216 1766 465 1819 Arbitrio
507 1766 761 1835 quoniam
802 1766 1065 1835 genitoris
1106 1770 1299 1820 cuncta
1336 1768 1603 1836 iubentur,

219 1839 321 1901 Qui
360 1858 446 1892 me
485 1839 753 1892 iustitiam
791 1841 952 1892 terris
993 1840 1288 1908 disquirere
1327 1841 1500 1894 iussit.

215 1912 463 1983 Namque
504 1930 604 1983 ego
646 1912 693 1965 si
731 1914 952 1982 proprio
991 1914 1147 1965 testis
1179 1933 1278 1983 pro
1309 1915 1527 1967 nomine
1561 1932 1794 1985 surgam,
1819 1928 1905 1970 665

217 1986 380 2040 Falsa
419 1987 634 2055 loquar3
675 1986 919 2055 aliusque
959 1986 1146 2039 itidem
1187 1987 1313 2055 quia
1353 1989 1510 2040 testis
1550 1989 1780 2041 habetur

214 2060 321 2113 Pro
362 2060 543 2130 nobiS‚
583 2077 794 2127 semper
833 2059 969 2112 mihi
1007 2060 1143 2113 talia
1179 2063 1419 2113 temnere
1457 2060 1542 2113 fas
1584 2066 1680 2114 est.

214 2132 358 2187 Nam
396 2133 538 2186 veris
581 2151 805 2202 operum
845 2133 1016 2202 signis
1057 2134 1398 2186 manifestior
1437 2135 1585 2186 omni

214 2207 358 2260 Luce
397 2207 539 2259 nitet
576 2224 833 2276 praesens
871 2207 1075 2260 nostris
1115 2207 1340 2260 testatio
1380 2207 1557 2261 factis,

213 2281 369 2334 Talia
407 2281 701 2334 concedens
741 2280 956 2349 genitor
994 2280 1128 2333 mihi
1167 2282 1326 2333 testis
1367 2281 1646 2350 adhaeret,
1814 2295 1899 2335 670

218 2354 323 2417 Qui
362 2372 448 2407 me
489 2354 695 2406 dimisit
733 2354 895 2406 terris
937 2372 1034 2406 sua
1071 2373 1271 2423 ponere
1311 2355 1473 2408 iussa.

213 2428 388 2480 Huius
429 2427 573 2479 enim
610 2445 795 2480 vocem
834 2446 1131 2497 numquam
1170 2429 1549 2496 comprendere
1591 2428 1782 2497 quistis

212 2500 327 2555 Nec
368 2501 600 2571 speciem
639 2501 913 2570 propriam
954 2502 1220 2555 concessit
1257 2502 1431 2554 visere
1469 2502 1642 2556 vobis,

210 2574 324 2628 Nec
366 2593 542 2627 sermo
581 2575 753 2644 ipsius
793 2576 995 2643 poterit
1034 2593 1132 2644 per
1169 2578 1354 2628 vestra
1393 2576 1576 2629 sedere

213 2647 461 2718 Pectora,
502 2648 750 2700 credendi
792 2649 1045 2717 quoniam
1087 2649 1393 2701 substantia
1432 2649 1584 2702 nulla
1623 2651 1720 2701 est.
1812 2661 1897 2702 675

218 2778 384 2823 addita
414 2791 504 2822 esse
534 2778 730 2834 videtur)
763 2779 778 2834 ΙΙ
810 2782 894 2822 643
927 2764 1205 2834 quemquam
1241 2778 1309 2834 01,
1343 2779 1593 2835 quicquam
1623 2780 1637 2835 ΙΙ
1670 2782 1755 2823 648
1786 2778 1901 2835 figet

219 2835 400 2891 V¹Ber,
431 2837 535 2894 figit
557 2838 572 2892 ss
597 2841 681 2880 649
715 2837 972 2881 emittentis
1003 2837 1067 2881 M
1083 2840 1099 2896 ΙΙ
1123 2842 1207 2882 657
1240 2840 1387 2882 terras
1406 2838 1482 2882 01·
1498 2837 1621 2882 ²R**
1642 2837 1716 2894 V1,
1735 2851 1900 2881 —cum

213 2894 283 2951 0¹,
329 2895 617 2940 terris-de
656 2898 671 2951 ΙΙ
719 2901 803 2940 662
844 2896 1062 2940 voluntas
1104 2896 1274 2941 V¹Ber
1294 2896 1350 2941 6³
1380 2899 1395 2953 ΙΙ
1428 2903 1512 2943 667
1555 2909 1736 2953 semper
1777 2895 1906 2940 (ΡΜ

211 2955 303 2999 div.
336 2968 424 3000 scr.
455 2956 508 2998 in
539 2954 599 3010 R,
631 2957 756 3000 recte
790 2954 865 3011 (01
896 2956 1028 3000 addit
1058 2955 1152 3000 iam
1176 2961 1283 3013 post
1312 2957 1444 3014 mihi)
1469 2958 1593 3014 11672
1628 2955 1766 3000 Cuius
1798 2954 1862 2998 M
