2038 3192
801 155 854 199 V.
889 159 1136 201 242-309.
1734 153 1803 207 89

123 275 365 331 Carceris
406 278 461 329 et
498 274 687 344 poenis
727 275 921 328 horum
963 275 1166 328 solacia
1206 276 1336 346 cepi.

120 349 259 403 Tum
296 348 534 402 Domino
573 349 675 401 tali
713 349 1041 418 respondent
1079 367 1209 402 voce
1248 350 1418 402 beati:

120 422 247 478 Non
284 423 530 476 meminit
567 426 816 476 nostrum
857 423 1142 492 quisquam
1182 426 1235 476 te
1275 424 1449 477 visere
1487 423 1691 477 nudum

71 564 74 567 η
121 496 235 551 Nec
272 497 432 550 famis
472 515 789 566 oppressum
830 495 962 548 dura
1001 497 1207 550 dicione
1244 497 1477 566 notavit,

120 569 363 624 Carceris
403 574 498 624 aut
535 570 724 640 poenis
765 570 1012 623 meminit
1050 571 1247 624 vidisse
1286 571 1599 635 revinctum.
1718 583 1804 625 280

119 643 471 715 Respondens
510 644 623 696 illis
664 643 804 696 dicet
841 647 959 697 tum
997 645 1131 697 talia
1169 644 1349 698 iudex:

118 717 402 772 Fratribus
441 718 548 770 ista
586 717 719 770 meis
758 717 992 770 humiles
1032 719 1335 772 miserando
1375 719 1588 772 labores

120 791 225 855 Qui
262 792 411 861 fecit,
450 794 656 844 certum
697 794 781 844 est
820 791 1026 845 dulcem
1068 792 1202 845 mihi
1241 811 1440 862 ponere
1479 792 1732 859 fructum.

119 867 197 919 At
234 884 354 935 VOS,
393 865 602 934 iniusti,
641 866 800 918 iustis
842 866 1108 919 succedite
1149 866 1385 919 flammis

118 939 195 993 Et
232 940 422 1010 poenis
463 957 675 1009 semper
714 943 950 992 mentem
990 943 1194 994 torrete
1233 940 1556 1008 malignam,
1720 952 1806 992 285

122 1013 268 1076 Quas
307 1016 463 1083 pater
501 1013 785 1066 horrendis
825 1014 1071 1066 barathri
1109 1032 1206 1083 per
1245 1017 1442 1084 stagna
1479 1012 1762 1082 profundis

121 1086 415 1140 Daemonis
455 1087 713 1140 horrendi
752 1087 912 1141 sociis
951 1087 1162 1158 ipsique
1201 1087 1430 1157 paravit.
1485 1144 1489 1147 ,

118 1160 367 1231 Namque
409 1161 556 1214 sitim
595 1179 757 1231 passo
799 1161 1068 1232 quondam
1108 1161 1242 1213 mihi
1282 1162 1475 1230 pocula
1510 1161 1663 1214 nulla

119 1234 234 1289 Nec
271 1234 431 1288 famis
469 1235 529 1287 in
565 1253 740 1305 poena
772 1235 934 1304 parvi
972 1234 1320 1288 miseramina
1357 1235 1535 1304 paniS‚

119 1310 234 1362 Aut
271 1309 557 1379 peregrina
595 1309 727 1361 mihi
767 1309 898 1362 tecti
936 1309 1169 1362 vestisve
1208 1327 1498 1378 parumper
1722 1321 1808 1360 290

120 1383 385 1454 Tegmina
425 1383 488 1435 de
528 1382 741 1452 magnis
782 1383 972 1453 gracili
1010 1401 1109 1452 pro
1149 1386 1303 1451 parte
1344 1383 1626 1451 dabantur,

121 1455 364 1511 Carceris
406 1459 500 1509 aut
540 1459 726 1526 saepto
768 1457 1015 1510 claustris
1058 1456 1330 1510 morbisve
1369 1456 1567 1510 iacenti

121 1530 393 1600 Umquam
432 1529 640 1583 visendi
681 1531 883 1583 solacia
921 1533 1104 1584 vestra
1141 1530 1375 1583 fuerunt.

120 1603 224 1657 His
266 1604 521 1657 damnata
561 1603 756 1658 dehinc
794 1605 1085 1674 respondet
1123 1604 1292 1657 factio
1336 1603 1537 1657 verbis:

119 1677 272 1731 Haut
296 1695 551 1747 umquam
577 1680 827 1730 nostrum
853 1678 1100 1731 meminit
1124 1681 1179 1730 te
1203 1678 1376 1731 visere
1401 1677 1687 1746 quisquam
1720 1690 1806 1730 295

121 1751 237 1804 Aut
275 1751 396 1804 sitis
437 1755 532 1804 aut
571 1769 763 1804 saevae
802 1751 962 1804 famis
1003 1769 1224 1822 aegrum
1266 1751 1474 1822 agitare
1514 1751 1773 1805 laborem.

120 1824 358 1894 Hospita
395 1826 482 1877 vel
520 1825 680 1878 fessis
721 1844 899 1879 errare
936 1843 1034 1894 per
1073 1825 1271 1895 oppida
1308 1826 1492 1893 rebus,

123 1897 367 1953 Carceris
410 1902 503 1951 aut
542 1917 777 1951 mersum
816 1899 1006 1968 poenis
1047 1900 1302 1952 morbove
1342 1901 1650 1969 gravatum,

120 1973 199 2027 Ut
236 1972 339 2025 tibi
378 1973 613 2026 sollicito
653 1973 808 2041 fieret
836 1972 1124 2026 miseratio
1163 1974 1320 2026 iusta.

120 2046 224 2100 His
263 2064 444 2099 rerum
484 2046 626 2099 dicet
663 2045 953 2100 Dominus:
994 2045 1131 2100 Cum
1170 2051 1352 2100 vestra
1391 2047 1624 2117 superbo
1724 2060 1811 2100 300

121 2119 386 2190 Angustis
426 2120 587 2173 rebus
625 2120 814 2173 feritas
856 2122 955 2174 sub
997 2121 1155 2174 corde
1193 2121 1442 2174 tumebat

123 2193 479 2263 Calvavitque
518 2194 750 2247 humiles
789 2194 1068 2263 minimos,
1108 2213 1194 2247 me
1234 2195 1441 2265 sprevit
1480 2194 1539 2246 in
1576 2194 1704 2247 illis.

122 2267 406 2323 Haecubi
446 2267 591 2321 dicta
630 2268 806 2336 dabit,
847 2269 1054 2322 meritis
1096 2286 1194 2322 sua
1230 2268 1475 2338 praemia
1514 2268 1716 2321 reddet.

123 2342 422 2394 Aeternum
461 2341 644 2394 miseri
681 2360 858 2412 poena
896 2341 1172 2395 fodientur
1209 2342 1405 2411 iniqui,

123 2416 526 2484 Aeternumque
566 2415 711 2468 salus
750 2415 908 2468 iustis
949 2433 1224 2470 concessa
1242 2415 1528 2470 maneb1t“
1726 2428 1811 2470 305

196 2488 352 2542 Talia
392 2488 519 2541 dum
558 2489 815 2559 loquitur,
855 2490 1051 2543 scissos
1090 2490 1330 2543 lacerata
1369 2490 1596 2560 capillos

120 2562 229 2616 Pro
267 2562 457 2615 fratris
497 2564 687 2616 morbo
728 2563 886 2616 iustis
928 2581 1082 2617 soror
1121 2564 1282 2617 anxia
1321 2564 1461 2618 curis

51 2687 54 2690 .
121 2635 392 2690 Hortatur
428 2636 678 2690 iuvenem
718 2637 907 2707 rapido
947 2647 1256 2706 percurrere
1295 2655 1510 2709 gressu,

41 2770 46 2785 ;
124 2709 354 2765 Casibus
393 2713 456 2763 ut
493 2711 663 2763 tantis
705 2709 957 2764 Christus
997 2715 1238 2764 servaret
1277 2712 1524 2765 amicum.

243 2829 330 2870 276
371 2824 548 2869 solacia
581 2824 636 2869 0¹
675 2827 691 2882 ΙΙ
728 2830 815 2870 279
863 2826 1044 2871 dicione
1080 2826 1135 2870 0¹
1150 2827 1259 2871 Mat
1297 2828 1314 2883 Ι]
1351 2830 1438 2871 286
1468 2825 1689 2883 profundi
1719 2824 1821 2868 AT

122 2883 312 2930 Add¹B
333 2885 350 2941 ΙΙ
373 2888 459 2928 292
492 2883 733 2939 morbique
761 2886 822 2929 M
842 2887 858 2943 u
881 2889 967 2929 295
999 2885 1126 2930 Haut
1156 2884 1374 2942 equidem
1396 2885 1515 2929 ΒΜ
1537 2886 1552 2941 ΙΙ
1575 2889 1662 2928 298
1694 2897 1813 2928 mor-

126 2943 280 2999 boque
312 2941 619 2988 MRO³Mat
