2038 3192
211 170 282 222 64
905 169 1089 212 LIBER
1119 168 1197 214 111.

212 290 286 342 Et
325 289 557 358 quaerit,
599 306 757 357 quem
798 306 853 340 se
892 289 1214 356 populorum
1253 289 1402 341 fama
1441 293 1671 359 putaret.
1809 303 1896 343 260

211 363 583 431 Respondent,
623 361 822 414 multas
863 361 1038 431 plebis
1077 366 1205 415 tunc
1245 380 1360 415 esse
1399 363 1687 431 loquellas:

212 435 464 490 Crebrius
506 435 717 487 audisse
758 438 811 487 et
850 435 1049 488 multos
1089 436 1326 503 firmare,
1367 437 1510 505 quod
1549 440 1690 489 esset

211 510 394 562 Iustus
434 509 732 576 IohanneS‚
770 509 1003 578 populos
1045 509 1136 577 qui
1174 510 1391 562 flumine
1431 510 1582 563 lavit.

212 584 345 636 Pars
386 585 652 635 memorat
692 582 926 635 volucris
965 581 1142 635 famae
1183 583 1287 635 sibi
1328 583 1546 652 cognita
1584 584 1751 636 verba

212 655 432 709 Heliam
471 655 680 709 venisse
719 656 940 724 iterum,
981 675 1138 725 quem
1177 659 1432 726 praepete
1474 675 1632 709 curru
1813 669 1900 710 265

214 730 449 782 Turbine
491 729 714 785 caelesti
754 729 1024 798 quondam
1063 729 1320 783 simulata
1361 729 1637 799 quadrigis

212 803 394 856 Astris
433 803 663 855 inseruit
700 803 921 872 rapidae
960 804 1043 856 vis
1083 803 1292 856 fervida
1330 803 1595 856 flammae.

213 877 545 930 Hieremiam
585 876 763 929 dixere
805 876 921 945 alii,
962 895 1087 944 pars
1129 895 1244 930 esse
1284 876 1652 946 prophetam.“

212 950 363 1003 Tunc
403 949 654 1003 Christus
695 951 900 1003 cunctis
941 950 1182 1003 arridens
1222 954 1438 1020 pectore
1478 951 1681 1004 blando

217 1023 524 1094 Conquirit,
564 1042 699 1093 quae
740 1023 812 1076 sit
854 1024 1124 1076 sententia
1163 1024 1565 1093 discipulorum.
1814 1036 1902 1076 270

220 1096 323 1150 Sed
363 1097 581 1150 stabilis
619 1096 836 1150 Petrus:
875 1097 988 1165 „Tu
1028 1096 1212 1150 Sancti
1249 1098 1415 1161 filius,
1454 1097 1654 1166 inquit,

218 1170 491 1239 Christus,
531 1171 819 1240 magnifico
859 1174 1031 1223 terras
1073 1172 1165 1239 qui
1203 1171 1404 1223 lumine
1445 1169 1727 1239 comples.“

214 1244 352 1297 Tum
390 1244 656 1297 Dominus
698 1244 830 1297 forti
869 1244 1150 1312 respondit
1187 1245 1323 1296 talia
1360 1243 1545 1297 Petro:

214 1318 410 1387 „Petre
448 1319 640 1371 beatus
682 1318 811 1387 eriS‚
847 1335 976 1370 nam
1015 1317 1150 1370 talia
1189 1317 1421 1385 pandere
1463 1321 1604 1370 certe

214 1391 500 1445 Humanus
541 1391 763 1461 sanguis
803 1392 889 1444 vel
927 1394 1106 1444 terrae
1145 1390 1324 1459 portio
1365 1409 1557 1459 corpus
1818 1402 1903 1443 275

217 1465 369 1518 Haut
407 1483 664 1534 umquam
703 1465 920 1534 poterit.
983 1463 1258 1517 Genitoris
1299 1483 1522 1517 munera
1564 1465 1682 1517 sola

214 1538 452 1592 Possunt
492 1541 605 1591 tam
645 1538 884 1591 validum
921 1537 1047 1590 fidei
1086 1537 1373 1591 concedere
1413 1538 1590 1591 robur.

219 1612 299 1665 Tu
338 1630 538 1665 nomen
575 1611 726 1664 Petri
768 1612 931 1681 digna
969 1611 1170 1664 virtute
1210 1611 1393 1664 tueris,

221 1685 338 1739 Hac
376 1686 432 1738 in
472 1685 615 1738 mole
655 1685 791 1737 mihi
831 1685 1050 1754 saxique
1089 1686 1145 1737 in
1184 1685 1378 1737 robore
1417 1702 1617 1752 ponam

222 1759 443 1828 Semper
482 1777 763 1812 mansuras
805 1759 1037 1811 aeternis
1078 1758 1359 1811 moenibus
1401 1758 1572 1811 aedes
1821 1769 1906 1809 280

219 1833 453 1885 Infernis
495 1832 685 1885 domus
723 1832 859 1885 haee
898 1851 1008 1885 non
1048 1831 1420 1900 exsuperabile
1460 1831 1634 1900 portis

221 1905 534 1959 Claustrum
573 1908 833 1975 perpetuo
876 1905 1142 1957 munitum
1182 1906 1376 1958 robore
1414 1904 1662 1974 habebit3

221 1979 588 2048 Caelestisque
627 1978 731 2031 tibi
769 1978 948 2031 claves
989 1978 1328 2031 committere
1367 1978 1524 2048 regni

220 2053 324 2106 Est
365 2053 599 2120 animus3
637 2052 904 2120 terrisque
942 2054 1038 2104 tuo
1079 2069 1214 2120 quae
1252 2069 1390 2104 nexa
1428 2051 1697 2120 relinques

220 2126 488 2191 Arbitrio,
528 2126 677 2179 caelo
717 2126 920 2195 pariter
958 2125 1162 2178 nodata
1201 2125 1519 2192 manebunt3
1820 2135 1906 2176 285

223 2199 461 2254 Solverit
500 2202 554 2252 et
591 2218 777 2253 rursus
817 2202 913 2252 tua
954 2217 1089 2267 quae
1130 2199 1400 2251 sententia
1438 2198 1597 2250 terris
1609 2240 1621 2266 ‚

221 2273 376 2327 Haut
417 2273 575 2327 aliter
613 2274 830 2326 venient
869 2272 1004 2326 caeli
1047 2272 1145 2325 sub
1187 2272 1310 2324 sede
1351 2271 1544 2324 soluta.

226 2346 331 2401 Sed
370 2365 465 2401 vos
508 2346 758 2415 discipuli
798 2344 1077 2399 Christum
1117 2364 1202 2398 me
1243 2345 1419 2398 dicere
1459 2344 1664 2398 cunctis

223 2420 461 2489 Parcite,
501 2439 604 2489 quo
646 2420 750 2474 soli
791 2421 1118 2489 cognoscant
1156 2418 1289 2472 talia
1329 2419 1492 2489 digni.

223 2493 341 2547 Iam
379 2494 471 2547 lux
511 2494 759 2547 adveniet
796 2493 1041 2563 properis
1082 2492 1216 2545 mihi
1257 2493 1502 2545 cursibus
1542 2492 1777 2562 instans,
1823 2504 1910 2545 290

223 2567 507 2620 Moenibus
548 2567 605 2619 in
646 2566 879 2636 Solymis
920 2567 1098 2619 rabies
1139 2585 1261 2619 cum
1299 2584 1471 2634 prona
1508 2565 1689 2619 furore

224 2640 470 2694 Eximios
511 2643 699 2693 vatum
740 2641 1008 2694 saturabit
1049 2639 1310 2710 sanguine
1349 2642 1554 2693 nostro,

227 2714 331 2767 Ast
370 2715 464 2767 ubi
501 2714 777 2767 lucifluum
815 2715 1002 2767 reddet
1041 2714 1123 2767 sol
1161 2713 1355 2766 tertius
1397 2716 1599 2782 ortum,

342 2834 427 2874 265
461 2844 643 2874 currum
678 2828 748 2885 0¹,
782 2843 918 2874 curru
957 2828 1038 2885 V2,
1071 2843 1230 2884 cursu3
1262 2829 1317 2883 cf.
1355 2829 1500 2873 Prud.
1538 2827 1665 2873 cath.
1685 2825 1798 2871 VII
1818 2826 1911 2885 3211

226 2889 526 3003 Ξῖξᾶτῖξιῑιγτξ
575 2888 683 2943 Μ*,
729 2889 870 2934 robur
909 2891 923 2947 ΙΙ
962 2893 1048 2934 283
1096 2888 1365 2945 permittere
1409 2889 1469 2931 M
1482 2887 1528 2933 R
1545 2886 1736 2933 V¹Mat
1771 2887 1788 2943 ΙΙ
1825 2889 1911 2931 289
