2038 3192
840 89 896 135 V.
932 94 1179 135 see-767.
1746 90 1851 143 103

161 213 208 265 E
251 212 439 266 mortis
479 228 594 263 sese
632 209 868 263 tenebris
910 210 976 263 ad
1016 210 1220 263 lumina
1259 210 1403 263 vitae

164 284 300 339 Cum
338 286 482 338 trino
524 284 656 337 solis
696 283 901 354 pariter
940 301 1180 336 remeare
1220 302 1452 338 recursu

161 359 282 414 Hoc
319 359 577 429 petimuS‚
617 361 798 411 custos
838 357 994 410 miles
1032 375 1174 411 nova
1212 357 1403 411 funera
1443 362 1640 427 servet,
1764 372 1848 412 735

163 432 245 486 Ne
284 431 400 486 fera
440 431 717 500 discipulis
759 431 972 484 furandi
1013 431 1237 484 audacia
1276 449 1470 501 corpus

165 505 476 577 Consurgat
514 505 803 575 turbetque
842 522 1028 558 recens
1068 505 1280 559 insania
1317 506 1577 574 plebem.“

160 580 236 634 Et
275 580 486 634 Pilatus
529 579 596 632 ad
635 579 786 632 haec:
827 577 1022 648 „Miles
1062 579 1414 648 permittitur,
1453 580 1651 650 inquit,

163 653 413 722 Servare,
455 657 515 706 ut
553 653 741 722 vultiS,
782 670 976 722 corpus
1016 653 1212 706 tellure
1253 652 1573 723 sepultum.“

160 726 503 782 Conveniunt
541 727 760 796 saxique
801 726 1046 797 ingentia
1083 727 1325 795 pondera
1363 728 1611 796 volvunt,
1763 741 1848 782 740

161 801 235 855 Et
273 801 440 854 limen
480 799 650 871 signis
692 803 746 853 et
784 818 974 853 saxum
1014 800 1186 854 milite
1227 805 1457 854 servant.

236 874 423 928 Sidera
461 875 570 927 iam
607 874 784 927 noctis
824 876 1051 927 venturo
1092 874 1277 927 cedere
1318 876 1420 927 soli

158 949 454 1018 Incipiunt,
494 948 691 1001 tumuli
729 951 932 1001 matres
970 951 1090 1000 tum
1130 948 1301 1001 visere
1343 951 1590 1018 saeptum

161 1021 522 1087 Concurrunt,
562 1025 743 1075 motus
784 1021 879 1074 sed
917 1025 1119 1074 terram
1157 1021 1407 1090 protinus
1447 1041 1661 1075 omnem

159 1095 421 1150 Concutit
460 1098 514 1148 et
554 1096 703 1150 caelo
743 1095 930 1164 lapsus
971 1095 1246 1149 descendit
1287 1098 1476 1166 aperto
1763 1110 1847 1150 745

158 1169 397 1223 Nuntius
439 1172 493 1223 et
533 1188 722 1223 saxum
761 1169 959 1223 tumuli
999 1169 1062 1222 de
1100 1169 1286 1222 limine
1324 1170 1507 1223 volvit.

157 1243 311 1298 Illius
353 1246 407 1297 et
446 1243 611 1297 facies
653 1243 902 1312 splendet
942 1260 1036 1296 ceu
1075 1241 1307 1313 fulguris
1347 1244 1514 1314 ignis,

157 1318 234 1371 Et
271 1318 412 1371 nivis
453 1317 793 1387 adffspeoiem
831 1317 1014 1370 lucent
1052 1317 1323 1370 velamina
1362 1317 1545 1371 vestis,

156 1391 427 1445 Militibus
465 1394 641 1444 terror
681 1408 896 1444 sensum
936 1390 1257 1444 discluserat
1297 1409 1509 1444 omnem

157 1465 232 1518 Et
269 1465 478 1519 iacuere
518 1465 679 1518 simul
719 1483 815 1518 ceu
854 1464 976 1517 fusa
1015 1464 1274 1518 cadavera
1313 1464 1439 1518 leto.
1763 1479 1848 1520 750

156 1538 259 1591 Ille
300 1538 393 1592 sed
433 1538 499 1592 ad
539 1541 739 1592 matres
779 1538 880 1591 tali
920 1556 1041 1592 cum
1079 1557 1209 1592 voce
1246 1539 1521 1608 profatur:

156 1612 391 1682 „Vestra
428 1630 599 1683 pavor
636 1612 820 1665 nullus
861 1612 1109 1682 quatiens
1149 1630 1290 1666 nunc
1329 1612 1492 1665 corda
1530 1611 1749 1684 fatiget3

157 1685 301 1739 Nam
340 1685 632 1740 manifesta
669 1686 1109 1755 fides,‘sanctum
1150 1703 1246 1739 vos
1286 1704 1542 1756 quaerere
1582 1705 1797 1757 corpuS,

160 1759 316 1823 Quod
355 1759 528 1814 crucis
567 1760 626 1812 in
664 1759 815 1830 ligno
857 1760 1119 1813 scelerata
1156 1759 1372 1813 insania
1410 1760 1543 1813 fixit.

161 1832 403 1887 Surrexit
442 1831 691 1887 Christus
732 1836 1056 1903 aeternaque
1095 1833 1304 1886 lumina
1341 1834 1484 1886 vitae
1762 1848 1847 1889 755

161 1905 402 1977 Corpore
442 1926 563 1960 cum
605 1910 790 1961 sancto
831 1907 1042 1961 devicta
1080 1910 1254 1961 morte
1292 1907 1511 1977 recepit.

158 1980 349 2035 Visere
388 1982 498 2034 iam
537 1981 692 2034 vobis
733 1981 943 2035 licitum
985 1984 1089 2051 est,
1129 1981 1271 2051 quod
1310 1981 1433 2035 sede
1474 1982 1706 2051 sepulcri

158 2054 326 2109 Nulla
364 2055 487 2108 istic
525 2056 761 2123 iaceant,
799 2054 1019 2109 fuerant
1058 2073 1195 2124 quae
1235 2055 1453 2109 condita
1492 2057 1750 2110 membra.

157 2129 337 2182 Dicite
377 2131 655 2199 praeterea
694 2129 854 2183 celeri
892 2147 1229 2199 properoque
1268 2147 1490 2183 recursu

158 2202 476 2272 DiscipuliS,
517 2201 794 2256 Christum
832 2221 1104 2257 remeasse
1142 2203 1201 2256 in
1238 2203 1458 2257 luminis
1500 2221 1645 2272 oraS,
1760 2217 1846 2258 760

158 2275 329 2345 Inque
370 2275 673 2330 Galilaeam
712 2277 918 2330 laetum
955 2277 1273 2346 praecedere
1311 2275 1559 2331 terram.“

158 2349 260 2402 His
301 2349 458 2404 dictis
497 2350 733 2420 visisque
774 2350 983 2404 animos
1021 2350 1332 2420 perfuderat
1372 2351 1563 2404 ardens

158 2423 399 2477 Laetitia
438 2423 687 2478 attonitis
729 2427 920 2494 stupor
960 2426 1287 2496 ancipitique
1326 2443 1542 2495 pavore.

158 2497 406 2566 Denique
445 2498 732 2568 praecipiti
771 2498 1103 2552 celebrantes
1145 2499 1344 2570 gaudia
1383 2517 1543 2552 cursu

159 2571 316 2624 Talia
356 2571 634 2641 discipulis
674 2571 918 2625 referunt
956 2574 1331 2642 tumulumque
1369 2573 1694 2642 relinquunt.
1761 2584 1867 2626 765-

160 2644 301 2698 Ecce
340 2644 491 2698 iteris
531 2645 707 2699 medio
749 2646 925 2700 clarus
966 2665 1022 2700 se
1063 2647 1301 2701 ostendit
1338 2646 1490 2701 Iesus

158 2717 235 2770 Et
273 2717 409 2771 fidas
449 2722 651 2774 matres
691 2718 921 2773 blandus
963 2721 1171 2774 salvere
1209 2721 1445 2774 iubebat.

280 2822 364 2864 735
395 2818 498 2864 Hoc
528 2818 575 2864 R
607 2820 715 2876 (div.
746 2833 832 2866 scr.
866 2819 974 2877 Sed)
1006 2820 1135 2873 Mat,
1169 2820 1259 2865 Sed
1283 2822 1298 2878 ΙΙ
1324 2824 1409 2865 749
1442 2819 1723 2865 discusserat
1755 2819 1817 2864 M
1829 2819 1844 2877 Η

161 2880 248 2922 764
281 2877 485 2923 celantes
516 2878 640 2933 Mat,
672 2878 930 2924 celerantes
950 2877 1159 2924 V¹·²B**
1182 2879 1198 2935 11
1223 2883 1308 2925 767
1325 2878 1498 2924 blande
1522 2878 1569 2926 R
1586 2877 1709 2935 1¹0³,
1725 2878 1844 2925 deest
