2038 3192
243 136 313 187 10
958 135 1140 179 LIBER
1171 135 1204 180 I.

216 256 574 326 'Dispergunt
614 256 724 307 late
765 255 950 307 celeris
990 273 1131 325 vaga
1171 255 1376 308 semina
1413 255 1604 309 famae.

211 326 500 382 'Mirantes
540 328 787 397 laudant,
827 329 1091 381 laetantes
1133 329 1565 398 constipuerunt,

210 403 433 456 'Omnia
471 402 749 454 nocturnis
791 402 1011 454 monitis
1052 403 1193 471 quod
1232 420 1358 454 vera
1396 406 1690 456 recurrant.
1841 415 1925 456 180

314 475 539 528 Viderat
578 479 821 528 octavam
859 476 1033 527 lucem
1073 494 1219 544 puer,
1261 494 1378 528 ecce
1418 476 1583 528 recidi

244 548 330 601 Ad
370 567 572 601 morem
612 549 749 619 legis
788 567 1089 617 nomenque
1131 553 1317 618 aptare
1357 567 1572 601 necesse
1613 553 1709 602 est.

240 622 671 692 Impositumque
710 622 790 674 illi
831 625 934 690 est,
974 622 1192 674 monitis
1233 622 1556 675 caelestibus
1597 623 1727 675 olim

242 696 399 758 Quod
437 695 641 748 Mariae
680 714 784 748 vox
823 695 988 748 missa
1026 695 1141 748 Deo
1181 697 1475 765 praecepit,
1515 695 1680 748 Iesus,

314 767 615 838 Scripserat
654 769 908 838 antiquae
948 768 1161 837 Moyses
1201 770 1568 822 moderamina
1606 770 1766 839 legis,
1839 783 1922 823 185

237 842 386 896 Inter
426 862 561 913 quae
601 843 806 911 primos
845 843 1023 912 prisco
1064 843 1127 895 de
1167 843 1430 912 sanguine
1468 846 1655 896 vatum

239 916 540 969 Observare
581 917 727 969 dedit
764 916 908 969 fetus
949 916 1139 969 offerre
1180 917 1493 984 sacrandOS,

236 990 638 1059 Implumesque
679 990 840 1043 simul
878 989 1017 1042 ferre
1058 990 1124 1042 ad
1164 990 1387 1043 delubra
1427 991 1720 1043 columbas,

237 1063 386 1117 Haec
424 1064 518 1116 ubi
556 1082 652 1133 per
691 1063 919 1116 Mariam
958 1065 1160 1132 templo
1203 1067 1417 1117 servata
1455 1064 1716 1133 feruntur,

235 1138 376 1191 Ecce
417 1156 578 1190 senex
619 1136 837 1190 Simeon
877 1137 1069 1206 dignus
1113 1137 1493 1206 comprendere
1534 1156 1693 1191 sensu
1839 1152 1923 1192 190

237 1210 509 1264 Caelestes
551 1229 730 1279 voceS,
770 1211 855 1263 cui
895 1210 1163 1280 quondam
1202 1211 1445 1279 praescia
1482 1230 1664 1264 rerum

234 1284 424 1338 Virtus
463 1285 796 1352 prodiderat,
838 1284 980 1353 quod
1021 1301 1232 1336 carcere
1273 1285 1514 1353 corporis
1556 1287 1706 1355 aegri

235 1358 498 1426 Deposito
541 1361 771 1411 mortem
810 1358 947 1410 liber
985 1357 1329 1428 requiemque
1369 1357 1595 1427 videret,

236 1431 370 1485 Cum
409 1432 643 1501 primum
685 1431 820 1484 caeli
858 1431 1067 1484 laudem
1105 1434 1386 1500 terraeque
1428 1433 1683 1500 salutem,

236 1506 431 1558 Omnia
471 1524 630 1574 quem
669 1508 854 1558 vatum
895 1505 1160 1574 spondent
1201 1505 1419 1557 oracula
1459 1505 1760 1575 Christum,
1841 1519 1922 1561 195

237 1579 480 1632 Vidisset
519 1580 723 1648 templo
765 1578 1051 1631 sollemnes
1090 1579 1230 1631 ferre
1269 1579 1570 1647 palumbas.

236 1652 399 1721 Isque
439 1653 533 1705 ubi
573 1655 795 1705 curvato
837 1652 1076 1704 defessus
1117 1670 1339 1720 corpore
1379 1653 1644 1721 templum

236 1726 355 1779 Iam
395 1727 613 1796 gravior
650 1729 919 1795 penetrat,
960 1725 1170 1778 monuit
1210 1725 1351 1794 quod
1392 1726 1613 1794 spiritus
1655 1730 1863 1797 auctor,

235 1800 375 1854 Ecce
416 1801 577 1853 simul
616 1819 845 1868 parvum
885 1799 1091 1869 gremio
1133 1799 1418 1868 genetricis
1457 1798 1636 1852 Iesum

237 1874 323 1926 Ad
361 1875 627 1943 templum
668 1874 836 1926 sensit
875 1873 1107 1940 venisse,
1146 1873 1504 1925 trementibus
1544 1874 1688 1927 ulnis
1835 1888 1922 1928 200

233 1947 461 2016 Accepit
499 1965 727 2015 puerum
765 1947 1048 2014 laetusque
1088 1945 1220 1998 haec
1261 1946 1403 1998 dicta
1441 1947 1711 2014 profatur:

229 2020 448 2089 ‚,Nunc,
487 2039 628 2073 nunc
666 2038 750 2072 me
789 2019 1052 2072 famulum
1083 2018 1348 2072 Dominus
1379 2038 1521 2072 nunc
1554 2021 1751 2074 liberat
1785 2022 1919 2075 atris

234 2093 490 2164 Corporis
531 2113 558 2146 e
597 2094 791 2147 vinclis
830 2094 1099 2162 finemque
1138 2092 1395 2162 inponere
1435 2094 1612 2146 verbis

234 2167 510 2239 Dignatur
549 2186 668 2220 cum
708 2185 839 2236 pace
879 2167 1004 2219 suis⁸
1081 2166 1169 2218 En
1208 2166 1486 2234 splendida
1523 2171 1740 2220 nostros

200 2307 201 2310 Ἴ
235 2241 353 2294 Lux
393 2242 574 2295 oculos
614 2245 708 2293 tua
747 2241 1062 2294 circumstat
1100 2240 1372 2309 radiisque
1412 2240 1643 2308 renidet,
1832 2253 1918 2294 205

201 2355 203 2358 <
236 2315 408 2378 Quam
449 2314 655 2368 cunctis
695 2314 976 2367 hominum
1015 2314 1262 2366 lustratis
1303 2314 1558 2383 gentibus
1599 2314 1747 2366 addit

197 2434 200 2438 ,
233 2388 644 2441 Israhelitarum
686 2388 992 2440 cumulatae
1033 2387 1208 2457 gloria
1246 2387 1439 2456 plebis.

199 2461 212 2530 '3
233 2461 372 2524 Quid
411 2465 626 2514 tantum
665 2461 868 2514 Mariae
910 2463 1233 2530 stupuerunt
1271 2463 1493 2530 pectora
1532 2462 1756 2514 matris?

235 2535 339 2589 Hic
378 2553 511 2605 puer
553 2535 620 2587 ad
659 2553 844 2588 casum
882 2534 1082 2603 populi,
1110 2535 1290 2602 datur,
1329 2534 1432 2586 iste
1472 2535 1680 2587 renasci

352 2684 437 2724 180
468 2660 713 2724 recurrilnt
745 2680 806 2723 M
845 2681 859 2736 ΙΙ
908 2683 992 2723 185
1025 2678 1194 2723 Moises
1229 2678 1297 2734 01,
1331 2678 1511 2734 Moyses
1558 2681 1573 2736 ΙΙ
1623 2684 1707 2724 186
1738 2678 1914 2736 primus

235 2738 291 2782 0¹
318 2740 324 2795 Ι
351 2740 514 2782 natum
546 2738 601 2782 01
638 2741 654 2795 ΙΙ
695 2743 778 2782 196
812 2739 1040 2783 solemnes
1076 2737 1131 2782 01
1159 2741 1165 2790 Ι
1200 2737 1445 2793 palumbas
1481 2737 1534 2781 01
1573 2740 1589 2795 ΙΙ
1628 2743 1712 2782 202
1744 2737 1917 2782 liberat

234 2798 355 2842 Mat.
388 2797 449 2849 R,
480 2796 649 2841 liberet
675 2800 682 2852 1
709 2796 822 2842 atris
858 2796 1085 2842 0¹MR**
1118 2795 1208 2851 (R*
1240 2796 1394 2848 arctis)
1428 2799 1441 2853 Η
1474 2802 1561 2841 204
1592 2796 1824 2854 Dignatur
1856 2796 1915 2840 01

233 2857 370 2910 Mat„
404 2856 622 2913 dignetur
644 2858 659 2912 ΙΙ
683 2861 768 2900 205
801 2856 983 2900 renidet
1019 2856 1103 2899 M*
1116 2855 1396 2899 Mat.**R**
1428 2855 1914 2915 (cfinJ.Huemer‚Wie-

231 2929 312 2960 ner
344 2915 476 2960 Stud.
511 2916 581 2958 II
607 2917 736 2971 112),
768 2913 940 2960 renitet
972 2913 1240 2959 C¹R*M**
1260 2916 1409 2959 Mat*
