2038 3192
818 171 873 216 V.
909 176 1158 219 307-368.
1734 144 1736 146 V
1757 172 1826 225 15

139 293 467 348 Cunctorum
508 296 633 346 ante
673 293 858 346 oculos
898 292 1039 346 acies
1079 293 1259 346 levata
1299 293 1514 346 securis.
1738 306 1823 345 335

137 367 440 422 Caedentur
480 366 650 420 silvae
691 366 904 419 steriles
943 365 1231 436 ignemque
1269 366 1547 420 fovebunt.

134 441 294 496 Nunc
336 458 436 511 ego
476 440 798 510 praeteritas
839 440 1080 493 maculas
1120 441 1178 492 in
1215 440 1435 493 flumine
1474 458 1610 509 puro

135 515 373 569 Abluere
413 514 651 582 institui3
689 514 870 567 veniet
911 513 1003 566 sed
1040 513 1238 567 fortior
1278 515 1430 583 alter,

136 588 302 643 Cuius
342 589 520 642 vincla
558 588 752 658 pedum
790 605 903 640 non
943 606 1062 640 sum
1102 588 1419 658 contingere
1459 588 1669 658 dignus,

134 663 339 716 Abluet
375 663 468 715 ille
506 662 742 715 hominis
784 664 969 714 sancto
1011 662 1302 730 spiramine
1341 665 1577 714 mentem
1736 674 1824 715 340

135 736 606 804 Flammarumque
648 735 828 806 globis
869 735 1128 804 purgabit
1165 736 1328 788 noxia
1368 735 1544 789 corda.

134 809 290 865 Illius
332 812 387 862 et
427 809 677 862 manibus
716 809 914 862 ruralis
954 809 1082 879 pala
1121 813 1335 862 tenetur

132 883 210 936 Et
247 884 468 953 propria
508 883 677 953 ipsius
718 883 1044 953 purgabitur
1084 902 1211 936 area
1249 883 1469 954 frugum

132 956 446 1027 Horreaque
485 957 738 1026 implebit
777 957 970 1010 secreti
1009 957 1164 1026 copia
1201 957 1361 1009 farris

133 1031 508 1100 Aeternusque
548 1032 693 1084 leves
731 1031 918 1100 paleas
957 1031 1310 1100 populabitur
1348 1029 1541 1100 igniS.“
1737 1043 1822 1083 345

206 1103 356 1158 Haec
397 1105 473 1157 ait
514 1108 569 1157 et
606 1105 854 1174 properis
894 1123 991 1174 per
1031 1105 1225 1158 silvam
1263 1104 1516 1173 passibus
1556 1104 1735 1173 ipsum

135 1177 320 1231 Cernit
357 1178 605 1231 Iordanis
645 1179 951 1232 veneranda
990 1179 1206 1232 lavacra
1244 1180 1536 1248 petentem.

136 1252 244 1304 Sed
281 1255 432 1305 vetat
470 1252 801 1321 increpitans
841 1257 992 1305 vates
1034 1255 1088 1305 et
1125 1252 1262 1305 talia
1299 1252 1468 1305 fatur:

132 1325 314 1393 „Tune
353 1326 490 1378 meis
529 1327 780 1379 manibus
821 1326 1062 1396 dignaris
1102 1327 1339 1396 mergier
1377 1325 1556 1394 undiS‚

134 1397 273 1452 Cum
312 1403 408 1452 tua
447 1418 532 1452 me
573 1400 766 1453 melius
805 1400 1020 1469 possint
1059 1400 1318 1452 mundare
1358 1398 1648 1453 lavacra‘?“
1738 1413 1823 1453 350

132 1472 292 1526 Dixit
330 1473 600 1526 Iohannes
646 1474 730 1526 cui
769 1473 906 1526 talia
945 1473 1124 1526 reddit
1163 1472 1341 1526 Iesus:

130 1545 328 1616 „Nunc
354 1547 490 1611 sine,
529 1565 658 1600 nam
684 1547 836 1600 decet
859 1547 984 1617 hoc,
1025 1548 1101 1601 sic
1126 1551 1315 1601 sancta
1338 1566 1435 1617 per
1460 1547 1641 1600 omnia
1664 1547 1823 1601 nobis

131 1619 383 1673 Iustitiae
423 1621 812 1674 consectandus
853 1621 1215 1690 complebitur
1255 1620 1431 1674 ord0.“

131 1693 282 1747 Haec
322 1713 628 1747 memorans
666 1695 868 1747 vitreas
909 1695 1232 1764 penetrabat
1269 1694 1508 1748 fluminis
1547 1695 1734 1747 undas·

135 1766 393 1838 Surgenti
432 1768 721 1821 manifesta
759 1768 844 1821 dei
884 1769 1194 1836 praesentia
1234 1770 1420 1823 claret.
1736 1780 1822 1822 355

134 1839 412 1894 Scinditur
451 1842 719 1895 auricolor
759 1843 895 1895 caeli
937 1842 1306 1911 septemplicis
1348 1841 1536 1895 aethra

133 1914 567 1984 Corporcamque
607 1933 798 1986 gerens
839 1917 1073 1984 speciem
1115 1916 1390 1969 descendit
1428 1917 1496 1968 ab
1538 1917 1650 1969 alto

131 1987 367 2058 Spiritus
409 1990 609 2042 aeriam
649 1990 910 2042 simulans
951 2008 1013 2042 ex
1051 1992 1194 2044 nube
1235 1991 1540 2044 columbam
1608 2018 1611 2021 1

129 2061 206 2115 Et
246 2065 433 2116 sancto
472 2063 607 2116 flatu
646 2081 841 2133 corpus
881 2063 1119 2132 perfudit
1155 2064 1294 2118 Iesu.

130 2134 281 2189 Tunc
318 2155 423 2190 vox
463 2136 630 2190 missa
668 2137 771 2190 Dei
810 2139 1036 2207 longum
1075 2157 1171 2207 per
1209 2139 1371 2191 inane
1411 2139 1646 2191 cucurrit
1732 2153 1819 2193 360

130 2208 500 2279 Ablutumque
540 2211 698 2265 undis
738 2210 1019 2264 Christum
1058 2212 1297 2281 flatuque
1336 2215 1656 2281 perunctum

130 2282 482 2353 Adloquitur:
519 2284 626 2354 „Te
687 2289 837 2353 nate,
875 2285 1036 2339 hodie
1075 2304 1171 2355 per
1211 2286 1408 2356 gaudia
1446 2289 1621 2339 testor

131 2355 216 2407 Ex
254 2376 340 2410 me
378 2359 740 2429 progenitum,
779 2360 960 2429 placet
997 2360 1130 2413 haec
1170 2360 1303 2412 mihi
1343 2360 1522 2431 gloria
1560 2360 1779 2429 prolisff

207 2428 343 2483 Tum
383 2432 520 2501 petit
558 2433 845 2486 umbrosos
886 2437 1099 2486 montes
1141 2437 1196 2487 et
1233 2435 1406 2487 lustra
1443 2435 1680 2487 ferarum

132 2502 566 2575 Obsequiumque
605 2507 689 2559 illi
728 2507 907 2560 Patris
946 2508 1203 2577 praebere
1243 2508 1478 2560 ministri
1733 2522 1818 2562 365

137 2574 436 2631 Certabant
471 2580 669 2650 rapidi,
708 2599 834 2634 mox
873 2582 1013 2635 livor
1052 2582 1326 2635 daemonis
1367 2585 1541 2635 atram

136 2648 271 2703 Cum
311 2654 513 2705 terrore
551 2655 698 2723 rapit
735 2662 995 2725 mentem,
1033 2674 1132 2709 nec
1172 2655 1343 2708 defuit
1382 2673 1545 2725 aegro

132 2722 460 2792 Temptandi
498 2726 704 2781 interea
742 2727 1022 2783 Christum
1059 2730 1302 2783 versutia
1340 2730 1521 2782 fallax.

254 2845 342 2886 335
374 2840 585 2898 levigata
617 2842 738 2889 Mat.
763 2846 780 2900 11
803 2849 889 2889 340
921 2844 1133 2890 homines
1150 2871 1205 2878 —
1225 2859 1440 2903 mergens
1472 2844 1582 2889 MR
1599 2844 1661 2901 (R
1683 2845 1816 2890 scrib.

134 2901 252 2955 offis)
277 2901 292 2956 ΙΙ
324 2904 409 2944 347
443 2899 672 2946 Iohannes
707 2902 900 2959 R*M*‚
931 2903 1140 2949 Iordanis
1178 2905 1194 2962 11
1234 2909 1320 2950 350
1351 2904 1574 2949 mundare
1609 2903 1678 2959 0¹,
1709 2918 1818 2960 pur-

131 2971 242 3015 gare
265 2960 282 3016 ΙΙ
305 2964 391 3006 366
423 2961 573 3004 atram
606 2960 645 3005 Ο
656 2960 724 3006 ¹13
738 2961 819 3018 1⁷¹,
852 2965 951 3007 ater
983 2963 1047 3007 M
