2038 3192
6 839 13 898 sav-.
6 598 19 827 —ffioe-u--wm
5 482 20 575 *fid-v
5 429 22 466 '⁴2‘-
12 383 20 402 ·.

817 121 870 165 V.
905 125 1151 166 637-698.
1712 119 1817 173 101

135 243 397 296 Latrones
436 242 562 296 hinc
599 242 723 294 inde
763 241 890 310 duo3
932 241 1023 293 sed
1062 259 1219 294 caeca
1258 240 1485 294 furentis

134 316 372 369 Insultat
409 315 583 384 plebis
621 315 728 368 fixo
767 315 1022 368 vaesania
1063 313 1303 368 Christo:

133 389 276 459 „Hic
316 392 419 459 est,
461 389 552 458 qui
590 389 852 457 templum
891 391 1107 458 poterat
1146 388 1437 442 dissolvere
1478 387 1648 456 solus,

136 463 239 516 Hic
280 466 385 531 est,
426 462 517 533 qui
555 463 699 515 trino
739 462 875 515 lucis
915 480 1166 532 reparare
1207 465 1403 515 meatu.
1733 473 1820 515 670

134 535 239 590 Sed
276 554 417 590 nunc
457 536 744 590 descendat
785 535 1000 588 suboles
1040 536 1346 588 veneranda
1384 534 1626 589 tonantis

135 611 211 663 Et
251 611 420 664 crucis
462 629 489 663 e
527 628 703 680 poena
741 628 1041 678 corpusque
1083 609 1424 679 animamque
1463 607 1747 662 resolvat.“

133 683 284 738 Haec
322 684 472 754 vulgi
510 701 758 752 proceres
797 683 1073 736 vaecordis
1114 684 1256 736 dicta
1296 685 1614 751 sequuntur3

135 758 316 827 Atque
354 757 632 811 Pharisaei
673 758 983 826 scribaeque
1025 760 1079 810 et
1116 757 1281 811 factio
1322 757 1540 809 demens

132 830 392 884 Inludunt
432 835 688 900 motuque
728 834 890 899 caput
930 831 1249 901 linguasque
1289 830 1539 900 loquellis
1735 841 1820 882 675

133 904 347 958 Insanis
387 905 635 974 quatiunt
675 908 925 957 aeternae
966 905 1031 957 ad
1071 905 1289 957 vincula
1326 921 1555 973 poenae:

132 978 365 1047 „Nonne
406 979 542 1032 alios
583 978 855 1048 quondam
895 979 1135 1031 trucibus
1177 995 1391 1031 servare
1432 976 1643 1029 solebat

136 1052 454 1106 Morborum
492 1052 722 1105 vinclis?
763 1070 879 1105 sese
920 1070 1013 1105 cur
1053 1052 1261 1105 solvere
1301 1051 1487 1120 poenis

135 1125 262 1179 Non
301 1126 483 1179 valet‘?
543 1125 632 1179 En
669 1144 854 1197 regem
894 1129 1112 1179 nostrae
1152 1143 1312 1195 quem
1352 1124 1565 1178 credere
1606 1123 1784 1194 gentis

134 1199 457 1253 Debuimus:
500 1200 680 1253 solvat
718 1200 854 1271 ligni
896 1200 959 1252 de
998 1200 1193 1253 robore
1233 1200 1446 1268 corpus!
1735 1209 1821 1251 680

136 1274 283 1327 Tunc
323 1273 524 1326 sanctis
566 1274 726 1344 digne
764 1274 1062 1343 poterimus
1104 1273 1316 1327 credere
1359 1271 1543 1342 signis,

57 1365 76 1378 ³
138 1346 373 1401 Confidit
412 1347 656 1417 genitore
695 1346 834 1401 Deo:
874 1347 1146 1400 dimittere
1185 1365 1360 1417 poena

138 1419 248 1474 Cur
285 1422 564 1491 propriam
603 1439 714 1474 non
752 1421 871 1474 vult
911 1421 1157 1474 subolem
1182 1419 1485 1473 veneranda
1508 1416 1824 1488 potestas?“

136 1494 250 1549 Nec
289 1495 467 1548 minus
506 1494 835 1564 increpitant
875 1494 1064 1548 dextra
1100 1495 1358 1563 laevaque
1398 1495 1675 1562 gementes

135 1568 318 1621 Adfixi
357 1568 603 1622 crucibus
645 1569 905 1621 scelerum
945 1587 1042 1638 pro
1084 1571 1229 1622 sorte
1269 1569 1528 1621 latroneS.
1737 1578 1823 1620 685

133 1641 252 1694 Iam
291 1642 527 1695 medium
566 1659 752 1695 cursus
790 1642 926 1695 lucis
968 1642 1352 1696 conscenderat
1392 1641 1601 1710 orbem,

138 1714 273 1770 Cum
314 1715 495 1769 subito
536 1733 600 1768 ex
640 1716 809 1769 oculis
847 1715 991 1786 fugit
1030 1715 1307 1785 furvisque
1346 1714 1585 1768 tenebris

135 1788 384 1842 Induitur
422 1789 800 1859 trepidumque
841 1789 982 1842 diem
1022 1790 1104 1842 sol
1142 1793 1302 1843 nocte
1340 1787 1600 1842 recondit.

135 1863 240 1915 Ast
278 1863 371 1916 ubi
409 1864 662 1916 turbatus
702 1882 902 1916 nonam
940 1867 1283 1933 transegerat
1320 1863 1512 1915 horam

137 1935 499 1990 Consternata
538 1955 634 1989 suo
673 1937 947 1990 redierunt
985 1937 1195 1990 lumina
1233 1936 1449 1990 mundo.
1735 1947 1820 1989 690

135 2009 210 2063 Et
249 2009 499 2064 Christus
538 2028 740 2081 magna
778 2011 1081 2081 genitorem
1119 2029 1248 2065 voce
1288 2010 1521 2064 vocabat

135 2083 416 2137 Hebraeae
455 2084 514 2136 in
551 2102 758 2138 morem
797 2085 1039 2155 linguae3
1078 2086 1170 2138 sed
1208 2085 1390 2138 nescia
1412 2083 1614 2153 'plebes

135 2157 351 2211 Heliam
389 2159 626 2211 vocitare
664 2162 838 2228 putat.
901 2158 1039 2211 Tum
1079 2159 1320 2213 concitus
1362 2176 1497 2211 unus

137 2229 382 2301 Cogebat
421 2249 631 2303 spongo
670 2233 819 2302 turpi
860 2233 1171 2303 calamoque
1210 2233 1452 2287 revincto

136 2303 448 2375 Inpressum
487 2305 646 2358 labiis
686 2306 898 2359 acidum
937 2310 1126 2375 pot-are
1166 2325 1429 2376 saporem.
1737 2317 1822 2358 695

138 2377 331 2432 Cetera
369 2379 529 2432 turba
566 2378 750 2432 furens
791 2380 892 2433 tali
932 2398 1051 2433 cum
1090 2398 1221 2434 voce
1260 2379 1571 2434 cachinnat:

137 2451 491 2521 „Spectemus
531 2452 756 2521 pariter,
797 2454 943 2507 caelo
981 2473 1049 2507 ne
1088 2453 1227 2508 forte
1267 2455 1525 2507 remissus

137 2525 325 2579 Helias
364 2526 569 2597 veniat,
608 2527 751 2580 celsa
790 2527 883 2597 qui
920 2528 978 2580 in
1018 2528 1142 2581 sede
1182 2528 1430 2599 quiescit,

257 2676 342 2716 667
374 2671 490 2717 duos
521 2671 631 2717 MR
654 2674 669 2730 ΙΙ
694 2677 779 2718 669
811 2677 853 2718 et
884 2678 971 2718 670
1001 2675 1300 2719 transmutati
1318 2674 1420 2718 0¹4³
1436 2674 1542 2719 Bod
1564 2676 1580 2731 1]
1604 2677 1690 2717 678
1712 2685 1820 2728 pro-

137 2729 265 2787 prias
296 2744 378 2774 cur
408 2731 586 2776 solvere
616 2745 792 2789 poenas
824 2731 885 2787 R,
917 2732 1102 2778 vincere
1128 2747 1219 2790 pro
1252 2733 1367 2778 solv.
1387 2734 1497 2778 Mat
1515 2732 1672 2776 TAdd
1693 2732 1710 2787 fl
1733 2735 1818 2776 689

137 2788 376 2832 turbatum
407 2789 482 2842 M,
511 2790 751 2835 turbatam
778 2790 824 2836 R
851 2794 858 2847 Ι
883 2792 1138 2836 transierat
1167 2792 1231 2836 M
1231 2793 1278 2836 A
1287 2793 1344 2847 L,
1391 2791 1744 2836 transcenderat
1773 2789 1820 2833 R

147 2845 382 2904 V¹·²1389
410 2849 428 2904 ΙΙ
459 2852 544 2893 694
577 2850 789 2907 sphongo
816 2849 929 2904 ΟΜ,
964 2864 1144 2908 spungo
1171 2849 1434 2895 TLWG*
1458 2852 1473 2909 ΙΙ
1497 2854 1583 2895 695
1615 2849 1821 2894 0008111111

138 2903 216 2960 Μ,
249 2905 420 2950 acitum
455 2904 658 2963 0111098
687 2908 736 2952 111
767 2922 851 2954 om.
884 2908 1003 2953 ΒΜ
