2038 3192
250 153 319 206 96
563 195 566 198 .
943 153 1126 197 LIBER
1158 154 1233 198 IV.

249 274 463 327 Invenit
503 275 557 326 et
594 291 780 325 rursus
819 272 961 325 idem
1002 274 1242 342 genitore
1281 277 1497 342 precato

249 348 579 417 Adloquitur
618 347 762 399 fesso
801 364 967 400 nexos
1007 347 1269 417 languore
1299 348 1529 431 quietis:

249 422 403 491 „Iam
443 420 674 474 dormire
715 421 843 472 licet
882 422 1161 490 sociosque
1200 421 1432 475 revisere
1472 424 1704 505 vestrOS‚

249 495 392 548 Nam
434 495 581 548 venit
621 512 763 562 ecce,
802 512 982 546 meum
1015 496 1115 563 qui
1154 495 1314 547 dedat
1350 496 1407 547 in
1448 496 1629 548 omnia
1668 514 1884 566 corPUS,

252 569 399 632 Quae
439 569 708 621 maculata
746 567 879 620 meis
919 568 1144 637 inponet
1183 569 1348 621 factio
1390 568 1693 621 membriS.“
1851 582 1935 623 510

252 641 388 695 Cum
427 642 570 695 dicto
609 641 770 694 Iudas
810 660 1034 694 numero
1079 643 1313 710 stipante
1355 645 1602 695 catervae

248 716 487 769 Advenit
526 734 806 785 procerum
846 716 996 768 iussu
1034 715 1328 785 populique
1365 716 1575 770 ferocis,

249 789 384 844 Pars
426 790 630 843 strictis
671 789 868 860 gladiis
907 808 1033 858 pars
1072 790 1242 842 fidens
1281 791 1514 860 pondere
1555 790 1738 844 clavae

252 863 421 935 Signa
462 864 783 933 sequebatur
821 862 985 916 Iudae
1024 858 1291 933 promissa
1330 865 1574 917 furentis,

251 936 449 991 Oscula
487 957 615 990 nam
653 937 864 1014 pepigit
904 955 1019 990 sese
1060 937 1370 1008 contingere
1412 937 1641 1007 Christi
1852 950 1937 991 515

251 1010 368 1074 Quo
408 1011 568 1065 facile
608 1007 858 1082 ignotum
898 1014 1114 1079 caperet
1155 1012 1467 1064 miserabile
1506 1012 1717 1082 vulgus.

249 1085 351 1138 Ille
389 1086 483 1138 ubi
523 1085 868 1138 dissimulans
908 1085 1109 1137 blanda
1149 1104 1268 1138 cum
1307 1104 1437 1139 voce
1479 1086 1706 1154 salutat,

251 1157 459 1228 Attigit
498 1162 552 1212 et
590 1158 749 1211 labiis
789 1159 920 1211 iusti
958 1159 1281 1212 venerabilis
1323 1177 1437 1228 ora,

252 1232 522 1287 Continuo
565 1230 837 1286 Christus:
876 1231 1104 1301 „Totum
1145 1233 1413 1301 complere
1451 1233 1661 1302 licebit,

250 1306 372 1360 Huc
411 1306 622 1360 venisse
662 1309 756 1359 tuo
799 1324 1163 1375 quaecumque
1204 1310 1287 1358 est
1326 1325 1487 1359 causa
1526 1305 1770 1375 paratU.“
1854 1318 1941 1360 520

249 1379 485 1434 Iniecere
526 1399 744 1433 manum
784 1381 977 1432 turbae
1018 1378 1399 1449 Christumque
1439 1380 1794 1449 prehendunt.

325 1454 474 1507 Tunc
515 1473 543 1507 e
584 1454 860 1524 discipulis
901 1471 1038 1506 unus
1077 1453 1319 1524 fulgente
1359 1455 1646 1507 machaera

255 1527 500 1581 Occurrit
538 1529 681 1581 vatis
721 1527 925 1580 famulo
967 1527 1213 1580 sublatus
1251 1528 1309 1580 in
1347 1528 1485 1580 iram

251 1602 514 1672 Tempore
556 1605 609 1654 et
648 1619 926 1673 excussam
966 1602 1148 1670 rapuit
1186 1602 1240 1654 vi
1265 1601 1515 1670 *vulneris
1558 1619 1755 1654 aurem.

253 1675 365 1728 Olli
405 1675 653 1730 Christus
695 1676 792 1728 ait:
833 1674 1117 1743 „Gladium
1157 1678 1217 1727 tu
1255 1675 1441 1744 ponito
1451 1718 1465 1743 ‚
1504 1674 1708 1743 noster3
1855 1686 1939 1727 525

252 1749 395 1803 Nam
436 1749 755 1819 quicumque
793 1748 948 1801 ferox
988 1749 1219 1801 confidet
1257 1749 1467 1802 vindice
1507 1748 1669 1816 ferro,

254 1823 414 1876 Hunc
452 1823 583 1876 iusti
623 1823 814 1875 similis
855 1823 983 1875 ferri
1022 1822 1262 1875 vindicta
1301 1823 1554 1875 manebit.

252 1898 343 1950 An
383 1914 482 1966 ego
521 1915 631 1950 non
668 1914 885 1966 possem
925 1896 1178 1948 caelestia
1217 1900 1396 1949 castra
1427 1914 1618 1950 vocare

252 1970 328 2024 Et
367 1970 539 2040 patris
578 1970 888 2022 innumeras
928 1969 985 2020 in
1022 1969 1230 2038 proelia
1270 1970 1458 2023 ducere
1498 1969 1743 2023 turmas?

254 2043 358 2098 Sed
398 2044 665 2113 scriptura
704 2044 837 2096 meis
878 2043 1196 2112 complenda
1237 2046 1318 2095 est
1358 2044 1538 2096 debita
1577 2044 1753 2096 rebus.
1855 2056 1941 2096 530

252 2118 367 2172 Vos
409 2121 590 2171 autem
631 2118 817 2171 stricto
860 2118 951 2186 qui
991 2135 1075 2168 me
1116 2117 1498 2185 comprendere
1538 2117 1680 2169 ferro

253 2191 512 2245 Fustibus
555 2195 608 2244 et
647 2191 843 2261 gladiis
885 2190 1225 2259 concurritiS‚
1266 2209 1333 2243 en
1372 2209 1472 2275 ego
1513 2191 1665 2244 vobis

256 2266 567 2335 Occurram,
607 2266 799 2334 templi
838 2264 1017 2317 media
1056 2264 1148 2333 qui
1188 2283 1397 2333 semper
1436 2266 1492 2318 in
1532 2282 1652 2317 arce

253 2340 551 2394 Vobiscum
590 2339 827 2392 residens
868 2338 1045 2406 docui,
1083 2356 1180 2391 nec
1219 2339 1351 2390 talia
1392 2339 1686 2438 quisquam

253 2413 319 2466 In
358 2414 535 2466 solum
574 2413 743 2466 tantis
783 2412 1313 2465 circumlatrantibus
1355 2412 1562 2465 ausus.“
1853 2424 1939 2466 535

256 2487 524 2557 Discipuli
562 2488 764 2557 passim
804 2485 1020 2539 Christo
1060 2485 1245 2555 fugere
1286 2486 1490 2539 relicto.

329 2560 551 2630 Iamque
593 2559 864 2630 Caiphaea
905 2563 1131 2612 steterat
1171 2560 1414 2614 salvator
1453 2560 1511 2612 in
1551 2560 1694 2629 aula,

256 2632 562 2688 Convenere
603 2652 786 2688 omnes
829 2633 1034 2687 scribae
1073 2652 1429 2703 proceresque
1469 2633 1664 2686 vocati.

373 2768 459 2809 507
491 2764 636 2809 fessos
668 2763 788 2808 ΕΜ
808 2764 822 2820 Η
846 2768 933 2808 509
966 2764 1026 2807 ad
1059 2763 1216 2808 omnia
1240 2763 1389 2819 RMn
1415 2767 1500 2807 514
1532 2763 1847 2819 sequebantur
1869 2761 1943 2821 Ru

258 2828 343 2869 518
375 2822 620 2868 iustissimi
650 2822 878 2866 mirabilis
911 2823 987 2878 M,
1026 2822 1139 2867 iusti
1169 2821 1447 2866 miserabilis
1480 2820 1862 2867 ABLT**Add
1878 2821 1943 2879 Sy
1985 2878 1991 2882 ἢ

258 2882 357 2928 Met
379 2884 394 2939 ΙΙ
418 2887 502 2927 528
534 2882 710 2939 possim
742 2881 802 2936 R,
835 2896 999 2937 posum
1032 2883 1234 2940 Μ11529
1266 2881 1425 2926 turbas
1457 2882 1520 2926 Μ
1525 2881 1581 2925 03
1611 2883 1625 2938 ΙΙ
1658 2885 1742 2925 533
1776 2880 1943 2926 Occur-

256 2955 406 2986 reram
441 2943 514 3000 M,
548 2940 739 2986 Occurri
768 2940 866 2986 AL
886 2941 945 2986 V¹
968 2943 983 2997 ΙΙ
1009 2945 1092 2986 537
1125 2941 1383 2986 adsteterat
1412 2941 1531 2985 ΕΜ
1544 2940 1676 2985 LB*
