2038 3192
826 175 880 219 V.
918 180 1164 220 192—259.
1758 173 1828 226 63

146 298 363 352 Dicitis:
402 296 670 350 Adveniet
709 299 936 348 ventura
974 295 1090 348 luce
1131 313 1390 348 serenum.

147 373 368 442 Iamque
408 370 506 423 sub
547 373 736 422 exortu
776 370 907 422 solis
947 368 1039 421 ubi
1078 369 1262 421 tristia
1299 369 1462 421 rubro

146 445 350 499 Nubila
387 445 683 497 miscentur
722 443 946 495 confusa
985 443 1101 494 luce
1142 442 1333 509 colori,

146 518 366 584 Dicitis,
407 517 660 588 agricolis
699 515 987 584 nautisque
1026 517 1208 568 venire
1247 516 1525 586 fragosam

144 591 444 644 Ventorum
484 591 687 643 rabiem
727 592 1219 659 tempestatumque
1257 589 1483 642 furores.
1743 603 1829 644 230

143 664 413 732 FallaceS,
450 665 626 718 nostis
664 662 858 716 faciem
901 663 1200 716 discernere
1241 663 1398 730 caeli,

146 737 454 792 Saeclorum
492 755 620 791 vero
659 735 880 790 nescitis
921 739 1169 806 tempora
1207 735 1377 805 signis

143 812 442 880 Explorare
483 811 632 863 suis?
695 808 799 863 Sed
837 810 993 863 vobis
1035 810 1192 880 signa
1230 810 1513 875 dabuntur,

145 885 290 947 Quae
330 885 496 938 maris
535 884 799 937 immenso
841 884 1111 953 quondam
1151 901 1344 935 venere
1383 883 1672 953 profund0‚

142 957 314 1011 Belua
354 977 472 1012 cum
511 958 689 1011 tenuit
726 958 932 1010 ventris
974 957 1074 1010 sub
1114 975 1326 1010 carcere
1364 956 1590 1010 vatem.“
1741 970 1826 1010 235

91 1032 93 1035 ’
140 1031 291 1085 Haec
330 1033 408 1085 ait
446 1036 499 1084 et
537 1049 762 1100 propere
799 1031 999 1101 puppis
1038 1030 1337 1084 retinacula
1378 1031 1591 1083 solvens

142 1105 313 1159 Trans
352 1105 494 1158 freta
532 1105 809 1159 contendit
847 1105 1038 1173 rapido
1079 1104 1459 1173 comprendere
1499 1122 1658 1158 cursu

139 1179 290 1232 Arva
326 1179 704 1249 Philipporum
745 1179 1011 1248 sociisque
1050 1178 1184 1231 haec
1222 1179 1355 1231 talia
1392 1178 1562 1231 fatur:

138 1251 421 1321 „Sollicite
460 1253 616 1306 vobis
655 1253 899 1305 vitentur
936 1253 1100 1305 noxia
1136 1251 1285 1304 farra

139 1325 594 1396 Fermentumque
632 1326 783 1379 ferox
822 1325 1019 1378 vestris
1059 1325 1287 1378 avertite
1326 1325 1543 1378 mensis,
1741 1338 1828 1379 240

138 1399 246 1453 Illa
283 1399 563 1453 Pharisaei
602 1397 1004 1468 Sadducaeique
1043 1399 1217 1452 dolosi

143 1474 461 1527 Admiscent
500 1473 635 1527 escis
674 1473 982 1542 falluntque
1020 1472 1079 1525 in
1117 1471 1337 1525 nomine
1376 1472 1545 1541 panis

140 1546 249 1600 Cur
288 1547 442 1600 vobis
483 1547 679 1600 tacitas
719 1547 891 1600 volvit
931 1546 1206 1600 cunctatio
1246 1546 1494 1598 mentes?

139 1619 308 1673 Proh!
349 1639 509 1691 quam
548 1639 718 1690 parva
756 1621 890 1673 fides
931 1637 1092 1673 sensu
1128 1622 1381 1689 torpente
1418 1620 1647 1674 fatiscit!

140 1693 334 1746 Die-itis
376 1694 574 1763 aversi,
612 1694 738 1747 navi
779 1693 923 1762 quod
960 1694 1154 1746 tollere
1191 1711 1358 1762 panes
1739 1707 1826 1748 245

137 1766 264 1820 Non
300 1767 467 1820 fuerit
504 1736 659 1820 vo'bis
698 1784 925 1820 vacuum
966 1766 1233 1836 farrisque
1273 1766 1539 1820 cavendas

136 1841 370 1894 Insidias
409 1841 646 1909 iubeam3
686 1841 996 1893 meminisse
1035 1843 1090 1893 et
1129 1842 1265 1893 scire
1305 1840 1589 1909 putabam,

139 1914 293 1976 Quod
333 1933 499 1983 panes
541 1914 775 1983 quinque
814 1914 991 1983 plebis
1030 1914 1166 1966 mihi
1204 1914 1355 1966 milia
1395 1914 1629 1983 quinque

138 1987 423 2056 Implerint
461 1988 690 2058 dapibus
730 1987 1082 2057 cophinisque
1124 1987 1393 2056 superflua
1430 1988 1601 2040 tantis

135 2060 465 2132 Fragmenta
505 2061 573 2114 ad
612 2062 888 2115 cumulum
926 2061 1128 2114 fuerint
1166 2062 1395 2115 collecta
1433 2061 1698 2132 ciborum,
1738 2075 1824 2116 250

138 2135 406 2197 Quattuor
446 2138 501 2188 et
539 2154 754 2188 rursum
793 2138 1080 2188 cenantum
1119 2135 1272 2188 milia
1309 2153 1477 2204 panes

136 2206 291 2270 Quod
328 2208 486 2262 facile
524 2209 804 2278 implerint
843 2213 1051 2279 septem
1090 2212 1411 2278 sportasque
1450 2208 1641 2261 referri

134 2280 366 2343 Vidistis
406 2301 592 2336 rursus
633 2283 931 2353 completas
970 2282 1336 2351 reliquiarum.

138 2353 242 2407 Sed
281 2374 473 2409 moneo
513 2357 744 2409 istorum
785 2374 999 2426 semper
1034 2355 1305 2409 fermenta
1344 2373 1549 2410 cavere.
1562 2355 1591 2383 “

136 2427 403 2497 Discipuli
441 2430 661 2483 tandem
698 2429 892 2484 vitalia
930 2430 1096 2483 verba
1136 2430 1307 2484 secuti
1740 2442 1825 2483 255

136 2501 457 2555 Doctrinam
496 2507 721 2556 cernunt
757 2503 1011 2557 fermenti
1047 2504 1266 2557 nomine
1307 2504 1521 2557 dictam.

210 2574 342 2628 Inde
381 2577 475 2628 ubi
513 2580 830 2645 perventum
872 2577 1062 2646 liquidi
1100 2596 1198 2646 per
1237 2582 1394 2661 terga
1431 2575 1687 2645 profundi

138 2646 321 2718 Clara,
360 2649 676 2720 Philippaeo
718 2669 855 2721 quae
895 2652 1104 2720 pollent
1141 2651 1384 2720 nomine,
1423 2669 1572 2720 rura,

138 2719 303 2792 Cogit
342 2723 629 2777 concilium
669 2728 972 2778 sectantum
1011 2725 1392 2794 discipulorum

254 2900 346 2941 22⁷.
371 2895 455 2940 ubi
489 2896 542 2942 (1ι
562 2896 637 2953 1⁷¹,
670 2898 708 2942 si
731 2901 747 2956 u
771 2903 858 2943 244
889 2899 1091 2957 patescit
1124 2899 1186 2943 M
1212 2900 1228 2956 ΙΙ
1258 2903 1345 2943 245
1379 2896 1564 2944 adversi
1604 2896 1701 2952 1⁷¹ss
1725 2900 1812 2940 251

137 2968 295 2999 rursus
327 2955 390 3000 M
406 2957 421 3013 ΙΙ
444 2960 532 3000 254
563 2957 719 3001 caveri
753 2959 815 3002 Μ
