2038 3192
845 148 904 193 v.
936 152 1184 194 395—452.
1779 148 1852 200 43

166 272 283 325 Iam
323 273 568 341 superest
609 269 886 322 dominum
927 269 1127 339 segetis
1168 269 1453 339 deposcere
1492 271 1704 337 tantae,

166 345 244 399 Ut
281 363 378 398 sua
416 362 543 397 rura
580 343 714 396 velit
751 360 975 395 numero
1018 344 1287 412 complere
1329 341 1647 396 colentum.“

196 470 198 472 -
240 433 388 486 Haec
426 432 573 485 fatus
612 431 814 501 populo
855 449 919 483 ex
960 431 1107 483 omni
1147 432 1353 484 delecta
1394 448 1635 484 seorsum
1765 443 1851 483 430

164 507 350 560 Fortia
389 507 760 576 conglomerat
798 505 1014 558 bisseno
1054 509 1274 574 pectora
1314 509 1485 559 coetu.

166 580 282 634 Hos
321 580 415 633 ubi
454 580 678 650 delegit,
716 579 1020 647 praeceptis
1060 579 1262 632 talibus
1303 579 1519 648 implet:

163 654 453 722 „Devitate
491 653 668 722 itiner,
708 652 850 722 quod
890 656 1079 723 gentes
1118 653 1437 721 perfidiosae

163 727 238 782 Et
279 726 669 780 Samaritarum
708 726 913 779 fraudis
954 727 1186 797 vestigia
1225 727 1451 780 calcant.

165 801 408 872 Pergite,
448 818 554 870 qua
591 800 756 870 patrii
795 801 1003 869 pecoris
1045 801 1290 854 custodia
1328 800 1498 853 labat.
1766 811 1851 851 435

165 874 457 946 Pergentes
495 891 623 927 vero
665 873 897 932 similem
938 874 1072 927 mihi
1112 875 1306 927 sumite
1347 877 1607 942 mentem,

164 947 242 1002 Ut
279 948 434 1002 vobis
474 947 694 1018 subigat
731 948 960 1001 virtutes
1002 949 1277 1001 daemonis
1319 948 1423 1000 atri

165 1020 364 1076 Sancta
400 1021 532 1074 fides
572 1040 861 1091 curamque
900 1023 1047 1091 piam
1086 1021 1441 1093 languoribus
1481 1023 1643 1090 aptet.

165 1095 284 1149 Hae
323 1096 464 1150 vires
502 1095 656 1148 nulla
694 1096 848 1149 vobis
889 1095 1133 1149 mercede
1173 1096 1444 1148 dabuntur

165 1169 242 1222 Et
279 1188 376 1223 vos
413 1169 549 1222 haut
589 1169 750 1222 aliter
788 1170 1030 1240 gratuita
1067 1169 1342 1239 inpendite
1382 1170 1539 1222 dona.
1765 1181 1851 1221 440

163 1241 285 1296 Non
328 1243 445 1296 auri
485 1244 766 1314 argentive
806 1244 988 1296 domet
1026 1243 1298 1312 possessio
1339 1246 1600 1311 mentem,

162 1316 278 1370 Nec
314 1335 411 1371 vos
450 1335 796 1370 nummorum
835 1318 1054 1387 subigat
1094 1318 1356 1370 scelerata
1395 1316 1601 1385 cupido.

166 1389 293 1444 Non
333 1391 578 1460 geminas
617 1394 795 1443 vestes
835 1409 932 1443 nec
973 1391 1174 1459 plantis
1215 1391 1459 1460 tegmina
1499 1391 1627 1443 bina

166 1463 403 1517 Virtutis
440 1465 614 1517 nudae
655 1465 837 1532 cupiat
877 1482 1090 1517 servare
1131 1464 1390 1517 minister.

165 1537 405 1607 Ingressi
444 1556 626 1591 muros
666 1538 816 1590 urbis
856 1538 1155 1608 perquirite
1195 1556 1422 1607 semper,
1765 1550 1852 1589 445

161 1611 418 1681 Hospitio
460 1630 689 1681 quorum
728 1631 827 1681 par
867 1613 940 1665 sit
980 1612 1260 1665 succedere
1299 1612 1481 1680 iustis3

162 1685 511 1756 Ingressique
552 1685 744 1739 dehinc
783 1704 973 1755 pacem
1013 1686 1113 1738 sub
1152 1689 1298 1738 tecta
1337 1688 1540 1738 vocate.

166 1757 224 1812 Si
261 1759 560 1829 tranquilla
599 1759 790 1812 domus
829 1759 1020 1828 fuerit,
1058 1778 1166 1830 pax
1203 1760 1299 1811 illa
1339 1759 1600 1827 manebit,

162 1831 261 1885 Sin
298 1832 401 1885 erit
436 1832 674 1902 indignis
714 1833 1060 1886 habitantum
1100 1833 1342 1886 moribus
1382 1833 1634 1901 horrens,

161 1906 427 1976 Diffugiet
465 1911 810 1976 vestrumque
850 1907 1058 1959 abitum
1096 1925 1203 1977 pax
1241 1910 1426 1960 vestra
1465 1911 1733 1975 sequetur.
1767 1917 1853 1959 450

166 1979 430 2033 Excludet
470 1981 792 2050 quicumque
831 1980 977 2034 ferus
1017 1999 1113 2034 vos
1155 1981 1341 2033 limine
1380 1981 1531 2049 tecti,

166 2054 404 2106 Auribus
445 2056 541 2106 aut
579 2054 727 2107 duris
769 2058 987 2124 spernet
1026 2054 1216 2108 vitalia
1254 2055 1441 2124 verba,

270 2232 378 2286 post
414 2233 501 2273 431
549 2229 747 2274 insertus
785 2234 847 2275 εει
885 2231 959 2274 hic
996 2244 1066 2274 v.:
1122 2228 1202 2273 Bis
1246 2242 1325 2273 sex
1370 2227 1610 2272 consociat
1650 2228 1850 2272 fidorum

163 2287 308 2334 corda
339 2286 543 2332 virorum
576 2287 644 2343 0¹,
684 2289 777 2334 duo
806 2303 964 2334 versus
993 2291 1172 2333 inverso
1202 2289 1362 2333 ordine
1394 2287 1501 2332 Mat
1525 2287 1603 2343 Vn
1626 2292 1714 2332 434
1745 2291 1852 2331 ante

167 2346 368 2404 vestigia
390 2360 571 2392 erasum
593 2352 657 2392 εει
680 2346 895 2392 doctrina
916 2348 1186 2404 frequentat
1205 2347 1261 2391 0¹
1285 2349 1410 2407 11435
1442 2345 1575 2391 labat
1610 2346 1649 2391 0
1679 2347 1773 2401 (sed
1803 2347 1855 2389 in
1908 2360 1920 2370 ·

174 2404 234 2447 V¹
264 2406 359 2460 fuit
386 2405 540 2461 balat,
573 2407 694 2464 quod
731 2409 784 2451 in
814 2407 872 2451 Η
877 2409 893 2452 l
923 2409 1088 2464 exstat)
1134 2409 1150 2463 ss
1195 2411 1281 2450 442
1315 2411 1421 2450 ante
1452 2405 1642 2463 subigat
1672 2418 1852 2450 erasum

165 2467 253 2508 est:
297 2464 450 2508 rabies
493 2466 749 2510 vanissima
787 2465 946 2510 vincat
986 2465 1054 2521 0¹,
1087 2469 1226 2523 'quae
1256 2467 1348 2510 div.
1380 2479 1464 2510 scr.
1499 2466 1551 2509 in
1583 2469 1755 2509 textum
1786 2478 1852 2507 re-

166 2526 342 2578 ceptum
372 2526 436 2567 εει
466 2523 553 2580 Mp
591 2523 606 2580 ΙΙ
643 2529 730 2570 443
770 2525 878 2570 Non
912 2525 1034 2580 (ΡΒ,
1071 2526 1166 2570 Nec
1205 2527 1220 2582 ΙΙ
1263 2528 1351 2568 444
1385 2524 1546 2580 cupiat
1578 2537 1762 2568 servare
1796 2522 1853 2566 0¹

165 2580 282 2636 R**‚
316 2580 474 2638 capiat
505 2583 676 2627 servire
697 2584 837 2628 MR*
870 2586 965 2640 (sed
994 2586 1067 2629 hic
1098 2583 1259 2641 cupiat
1288 2585 1357 2628 vel
1382 2583 1539 2639 capiat
1570 2584 1658 2641 leyi
1675 2583 1852 2638 potest),
1878 2620 1882 2623 μ

164 2642 351 2696 portare
392 2639 548 2698 V¹Mp
585 2643 602 2698 ΙΙ
641 2646 728 2686 450
760 2643 974 2687 habitum
1010 2643 1048 2688 Ο
1088 2645 1104 2700 ΙΙ
1135 2648 1242 2699 post
1283 2647 1370 2687 452
1402 2647 1492 2687 tres
1525 2642 1670 2686 lineae
1700 2653 1856 2685 erasae

162 2703 295 2753 sunt,
333 2713 529 2756 quarum
558 2713 582 2745 ε
610 2702 812 2759 vestiyiis
841 2704 1073 2759 suspicari
1103 2703 1226 2756 licet,
1273 2703 1389 2746 duos
1417 2714 1573 2746 versus
1602 2701 1671 2745 ibi
1699 2701 1856 2755 fuisse,

61 2767 112 2819 β
165 2758 248 2814 qui
291 2762 472 2802 exstant
515 2758 569 2802 in
613 2760 718 2804 edit.
750 2761 973 2806 Daventr.
1016 2766 1058 2806 et
1092 2762 1368 2805 Poelmoenni
1413 2765 1455 2804 ει
1493 2761 1546 2804 in
1582 2760 1678 2804 eod.
1712 2758 1855 2802 Μαι..-

169 2815 278 2861 Sive
317 2817 447 2871 (Μαι
486 2815 583 2874 Sin)
623 2830 789 2863 aversa
829 2820 960 2874 (Mat
999 2820 1214 2876 adversa)
1255 2819 1332 2864 dei
1369 2819 1570 2863 famulos
1610 2817 1855 2862 succedere

173 2873 312 2920 tectis
341 2874 642 2932 Hospitiique
673 2877 802 2923 focos
834 2878 959 2932 (Mat
991 2879 1249 2935 Osp.sores‚
1279 2879 1432 2923 sedin
1454 2890 1596 2934 marq.
1629 2878 1681 2919 at
1709 2874 1857 2930 focos)

169 2933 365 2979 miscere
397 2935 592 2991 gravata
623 2936 805 2981 vetabit
836 2937 961 2993 (Mat
990 2938 1176 2994 ingrata
1207 2936 1396 2993 uitauit)
