2038 3192
826 167 882 213 V.
920 171 1163 212 127—191.
1760 167 1829 220 61

146 290 295 343 Tunc
331 288 469 357 petit
509 287 720 341 absolvi
757 287 949 340 Petrus
959 329 974 356 ‚
1013 288 1140 357 quid
1180 288 1426 357 quaestio
1465 289 1653 356 vellet,

147 362 270 432 Ipse
308 361 616 415 Pharisaeis
656 379 818 431 quam
858 379 984 413 mox
1023 361 1320 430 scribisque
1360 361 1609 415 dedisset.
1750 377 1832 416 160

146 436 286 489 Tum
324 438 474 489 sator
514 442 762 488 aeternae
801 436 1082 504 respondit
1121 436 1254 488 talia
1290 435 1455 488 vitae:

145 508 290 578 „Vos
331 511 493 562 etiam
534 509 666 561 duro
706 508 1004 561 discluditis
1046 508 1228 561 omnia
1266 509 1425 562 corde

145 583 300 636 Iussa
336 602 435 636 nec
475 582 719 635 admittit
756 582 955 635 mentis
996 582 1262 635 dubitatio
1304 583 1490 636 lucem.

146 656 290 710 Nam
329 674 695 726 quaecumque
732 655 1012 708 hominum
1050 657 1273 709 veniunt
1313 656 1643 709 extrinsecus
1685 653 1820 724 oris

146 730 213 782 In
250 734 493 783 ventrem
532 729 727 782 cedunt
766 730 1052 799 animoque
1090 730 1371 800 incognita
1409 733 1647 783 currunt.
1749 744 1834 783 165

147 803 294 866 Quae
334 822 461 856 vero
500 803 715 856 interno
755 807 1016 873 concepta
1056 822 1083 856 e
1122 807 1341 872 pectore
1381 807 1636 872 promunt

145 875 256 929 Ora
292 876 596 945 hominum,
635 879 873 929 mentem
912 882 1142 945 possunt
1182 877 1467 948 aspergine
1507 877 1647 930 labis

143 949 395 1004 Polluere
434 950 798 1020 inmundoque
837 951 1113 1004 hominem
1151 951 1423 1003 maculare
1462 951 1654 1019 piacIO.

145 1021 362 1077 Secreto
401 1023 575 1078 cordis
614 1028 936 1093 promuntur
973 1024 1137 1078 noxia
1174 1024 1318 1078 vitae

147 1095 390 1151 Consilia
429 1101 483 1151 et
521 1098 707 1151 caedes
749 1101 803 1150 et
840 1097 987 1151 furta
1023 1097 1258 1151 nefanda
1295 1102 1541 1151 tororum
1750 1112 1834 1152 170

144 1171 220 1224 Et
256 1170 473 1225 fraudes
510 1171 786 1242 fallaxque
825 1172 1107 1226 hominum
1144 1190 1244 1242 pro
1283 1172 1518 1225 testibus
1558 1189 1709 1224 error

144 1245 221 1298 Et
259 1246 479 1299 rabidae
518 1246 726 1298 caelum
763 1246 990 1314 pulsans
1029 1246 1282 1299 vaesania
1319 1245 1483 1299 vocis

145 1317 293 1373 Haec
341 1323 490 1389 sunt,
546 1337 683 1388 quae
730 1319 1006 1373 maculant
1053 1320 1351 1388 hominem,
1406 1338 1542 1388 quae
1583 1319 1832 1375 sordibus

1388 1394 1631 1461 implent.

146 1465 343 1519 Inlotis
383 1469 562 1519 autem
602 1466 850 1518 manibus
890 1484 999 1519 non
1037 1466 1236 1536 polluit
1273 1485 1532 1535 umquam

146 1537 404 1609 Corporis
444 1539 671 1592 arbitrio
710 1540 988 1592 terrenum
1027 1559 1239 1592 sumere
1278 1540 1525 1593 victum.“
1754 1553 1837 1594 175
1927 1544 1931 1548 ’

220 1612 369 1666 Haec
407 1613 501 1666 ubi
542 1613 687 1667 dicta
725 1613 893 1683 dedit,
931 1613 1297 1683 pulcherrima
1335 1632 1464 1667 rura
1504 1612 1764 1683 Syrorum

150 1684 513 1756 Sidonemque
551 1687 861 1756 Tyrumque
898 1687 1060 1756 petit:
1102 1706 1224 1740 cum
1260 1687 1465 1740 femina
1500 1687 1637 1749 fusis

149 1757 402 1813 Crinibus
443 1764 499 1813 et
535 1760 784 1830 precibus
822 1764 1011 1813 natam
1049 1764 1272 1814 causata
1309 1762 1575 1814 iacentem
1706 1777 1747 1817 ο

147 1831 405 1886 Volvitur
444 1837 499 1886 et
535 1835 765 1887 tacitum
801 1851 913 1886 non
951 1834 1150 1887 desinit
1190 1834 1350 1888 anxia
1389 1833 1667 1888 Christum

151 1905 343 1977 Orare,
381 1910 443 1961 ut
480 1910 716 1960 mentem
755 1912 1004 1960 vexatam
1043 1908 1302 1961 daemone
1343 1927 1503 1961 saevo
1754 1922 1838 1962 180

148 1980 417 2034 Redderet
455 1984 511 2033 et
548 1980 778 2033 miserae
816 1981 1036 2034 tandem
1075 1982 1302 2051 resipire
1341 1982 1543 2036 liceret.

147 2053 296 2107 Tunc
336 2055 502 2107 etiam
538 2055 787 2124 precibus
827 2058 1132 2108 sectantum
1171 2056 1559 2125 discipulorum

148 2126 473 2197 Respondit,
510 2129 762 2198 proprias
803 2129 1066 2198 genitoris
1106 2130 1271 2183 malle
1310 2129 1555 2183 bidentes

150 2199 378 2271 Cogere,
419 2220 553 2271 quas
594 2221 766 2256 vanus
805 2202 917 2256 late
957 2202 1288 2273 disperserat
1326 2222 1491 2257 error.

150 2272 404 2336 Crebrius
442 2276 669 2328 instanti
707 2278 826 2329 tum
864 2276 1001 2329 talia
1037 2277 1186 2330 fatur
1215 2277 1391 2330 Iesus:
1754 2290 1839 2331 185

148 2347 349 2415 „Natis
389 2349 613 2418 quisque
652 2350 763 2403 suis
802 2368 999 2420 panem
1036 2370 1147 2404 non
1187 2351 1439 2405 detrahet
1477 2369 1734 2420 umquam

150 2420 226 2473 Et
264 2422 486 2474 canibus
525 2422 730 2476 iaciet.“
790 2423 929 2477 Tum
967 2425 1104 2478 talia
1141 2424 1343 2478 femina
1381 2425 1551 2478 fatur:

148 2494 451 2562 „Micarum
491 2495 685 2549 saltem
723 2498 948 2550 canibus
987 2516 1085 2552 sua
1122 2499 1304 2567 portio
1345 2517 1562 2552 mensae

149 2566 364 2621 Decidit
403 2571 459 2621 et
494 2569 665 2623 nihilo
705 2570 1048 2624 dominorum
1086 2590 1218 2626 cena
1237 2621 1240 2623 .
1258 2572 1563 2643 gravatur.“
1878 2618 1881 2620 a

154 2640 293 2694 Tum
316 2642 581 2696 Dominus
612 2644 875 2713 loquitur:
915 2644 1182 2713 „Veniant
1212 2647 1317 2700 tibi
1348 2647 1512 2716 digna
1544 2646 1735 2699 salutis
1756 2660 1839 2700 190

150 2713 422 2784 Praemia,
461 2735 596 2786 quae
634 2717 760 2771 fidei
799 2723 1108 2773 meruerunt
1147 2721 1346 2774 robora
1384 2720 1618 2774 tantae.“

1344 2813 1354 2818 κ
1416 2802 1450 2820 Υ

275 2893 359 2934 172
392 2888 587 2947 rapidae
619 2891 781 2938 MRG
791 2892 886 2938 ⁸1⁷1
914 2895 920 2947 Ι
947 2893 1170 2939 vaesania
1204 2894 1274 2938 0¹·
1292 2893 1310 2919 ³
1341 2894 1434 2948 (hic
1461 2866 1593 2950 ves),
1624 2893 1806 2938 insania
1830 2894 1844 2951 ³}

158 2951 241 2993 181
273 2947 469 3005 resipire
487 2949 602 3006 ΟΜ,
632 2951 837 3008 resipere
865 2954 996 3007 Mat,
1027 2952 1247 3010 resipisse
1269 2953 1287 3008 11
1312 2957 1397 2997 190
1427 2951 1632 2997 Venient
1657 2953 1719 2996 M
1733 2951 1840 2996 Mat
