2038 3192
253 130 283 181 7
289 130 323 181 4
942 129 1133 174 LIBER'
1153 131 1231 175 111.

249 249 354 303 Hic
392 252 508 302 tum
549 249 776 302 Zebedei
815 249 1046 303 coniunx
1085 251 1354 304 submissa
1393 252 1646 322 rogabat,
1842 267 1930 308 590

248 323 325 377 Ut
365 323 581 377 Christo
623 324 798 376 medio
838 324 974 377 caeli
1013 325 1259 378 sublimis
1299 325 1355 377 in
1396 344 1517 379 arce

247 398 454 452 Felices
493 398 611 451 nati
652 397 838 450 dextra
877 398 1134 467 laevaque
1175 399 1435 452 sederent.

249 472 388 524 Tum
429 471 642 541 quaerit
679 469 950 540 ChristuS‚
990 471 1208 525 calicem
1251 472 1297 525 si
1337 490 1545 525 sumere
1584 477 1829 543 possent,

250 546 419 608 Quem
460 544 563 598 sibi
600 546 904 614 praeceptis
943 545 1172 598 instaret
1213 565 1422 599 sumere
1462 547 1647 616 patris,

248 618 599 687 Respondent
639 637 694 672 se
733 637 891 687 posse
933 619 1105 672 simul.
1170 620 1309 672 Tum
1347 621 1482 673 talia
1521 619 1793 674 Christus:
1846 633 1932 675 595
2003 671 2006 681 ,

246 692 392 762 „Vos
430 695 677 746 nostrum
717 693 939 745 calicem
979 693 1060 746 fas
1101 697 1182 746 est
1219 698 1431 763 potare,
1469 694 1562 746 sed
1602 695 1726 747 altis
1839 707 1843 710 ⁴

249 766 475 819 Sedibus
517 767 728 835 aequali
770 785 979 820 mecum
1018 767 1294 820 considere
1333 768 1538 821 honore

247 839 372 893 Non
409 840 514 894 hoc
550 844 738 894 nostra
778 840 929 893 dabit
970 841 1216 909 cuiquam
1255 860 1353 910 pro
1394 859 1613 894 munere
1653 842 1841 896 virtus,

244 913 396 967 Haec
435 914 596 967 certis
639 914 852 983 genitor
890 914 1141 968 sublimia
1180 915 1319 968 dona
1357 915 1645 968 rese1·vat.“

246 988 392 1040 Exin
432 987 723 1058 discipulos
765 988 920 1041 dictis
959 1007 1057 1057 pro
1098 989 1299 1041 talibus
1341 1007 1523 1042 omnes
1845 1003 1932 1044 600

245 1060 561 1114 Commotos
599 1061 701 1114 tali
740 1064 1002 1115 sermonis
1041 1063 1240 1116 mulcet
1279 1062 1504 1115 honore:

242 1134 547 1203 „Gentibus
588 1135 767 1188 infidis
809 1137 951 1188 celsa
991 1136 1197 1189 dicione
1237 1140 1478 1204 potestas

243 1209 464 1277 Inponit
504 1227 867 1278 quoscumque
908 1228 1068 1277 super
1107 1210 1452 1262 dominantur
1493 1227 1676 1262 eorum

242 1282 618 1351 Exercentque
657 1285 863 1335 trucem
903 1283 1159 1336 subiectis
1189 1283 1425 1345 ,urbibus
1465 1284 1616 1337 iram.

240 1355 354 1409 Vos
395 1357 536 1409 inter
573 1357 735 1427 longe
774 1357 1122 1425 tranquillior
1163 1375 1398 1425 aequora
1435 1357 1579 1409 vitae
1842 1370 1928 1411 605

242 1428 507 1483 Concordi
548 1431 743 1482 sternit
782 1430 930 1482 mitis
971 1431 1269 1484 moderatio
1310 1448 1440 1499 pace

190 1567 193 1570 .
242 1502 474 1574 Magnus
516 1507 570 1556 et
609 1504 881 1587 obsequiis
922 1504 1113 1557 crescit
1154 1523 1313 1573 super
1353 1505 1466 1557 alta
1505 1503 1767 1558 minister.

239 1576 353 1630 Nec
391 1578 597 1646 primus
639 1578 946 1646 quisquam,
985 1578 1091 1630 nisi
1132 1578 1337 1631 eunctis
1378 1577 1599 1643 serviat,
1639 1595 1775 1630 unus

240 1651 375 1704 Esse
415 1654 610 1720 potest.
674 1651 924 1704 Hominis
963 1655 1124 1704 natus
1165 1653 1241 1703 sic
1266 1655 1462 1704 vestra
1501 1618 1747 1704 minister

241 1724 514 1793 Obsequio
556 1726 699 1778 solus
739 1726 957 1794 proprio
997 1725 1088 1794 pia
1127 1743 1349 1777 munera
1389 1728 1589 1794 gestat,
1840 1738 1926 1779 610

241 1798 316 1851 Et
356 1799 560 1851 multos
599 1799 865 1851 redimens
907 1798 1144 1866 pretioso
1186 1799 1447 1868 sanguine
1488 1801 1682 1851 servat.

239 1871 317 1924 At
355 1890 450 1924 vos
492 1890 556 1924 ex
595 1872 835 1924 minimis
876 1872 1068 1940 opibus
1110 1873 1489 1925 transcendere
1530 1872 1693 1924 vultis

238 1945 312 1998 Et
352 1946 430 1998 sic
469 1963 497 1998 e
537 1945 761 1998 summis
802 1945 944 2014 lapsi
983 1946 1367 2015 comprenditis
1407 1945 1592 1998 imos.“

311 2017 409 2087 „Si
448 2037 543 2072 vos
584 2020 808 2089 quisque
846 2022 1005 2072 vocat
1043 2037 1205 2072 cenae
1245 2019 1491 2072 convivia
1530 2037 1759 2087 ponenS,

239 2091 506 2146 Cornibus
546 2093 604 2146 in
645 2092 868 2145 summis
910 2092 1110 2145 devitet
1147 2111 1346 2162 ponere
1387 2092 1628 2144 membra
1839 2105 1924 2146 615

241 2165 478 2236 Quisque
519 2167 676 2235 sapit.
738 2165 934 2219 Veniet
973 2166 1159 2219 forsan
1201 2167 1247 2218 si
1287 2165 1484 2218 nobilis
1527 2165 1679 2233 alter,

239 2239 495 2309 Turpiter
534 2241 729 2293 eximio
772 2243 995 2311 cogetur
1034 2240 1217 2293 cedere
1258 2257 1445 2306 cornu,

240 2312 409 2375 Quem
448 2316 629 2367 tumor
667 2314 843 2366 inflati
883 2313 1058 2366 cordis
1098 2332 1194 2383 per
1233 2331 1444 2365 summa
1483 2313 1705 2366 locarat.

241 2386 335 2440 Sin
375 2390 658 2440 contentus
700 2387 804 2440 erit
842 2387 1132 2440 mediocria
1170 2386 1429 2456 prendere
1470 2404 1654 2455 cenae,

354 2565 439 2606 602
476 2561 658 2607 dicione
693 2561 803 2607 0¹13
829 2563 835 2618 Ι
866 2565 950 2606 605
981 2560 1077 2606 Vos
1109 2561 1185 2606 hic
1218 2561 1300 2606 sed
1330 2561 1468 2616 longe
1500 2560 1773 2618 V1MpAB
1795 2563 1812 2618 [Ι
1835 2566 1918 2606 611

242 2624 347 2665 ante
377 2621 498 2666 hunc
526 2635 703 2666 versum
726 2621 849 2666 alius
872 2620 1036 2675 leyitwr
1057 2621 1145 2665 sic.-
1178 2620 1266 2664 Pro
1299 2621 1550 2676 multisque
1582 2620 1787 2665 animam
1817 2635 1922 2678 pre·

235 2679 357 2724 tioso
405 2678 630 2735 sanguine
675 2678 809 2736 ponit
857 2678 1095 2724 0¹RMat
1111 2679 1210 2723 Met
1227 2678 1265 2724 Ο
1275 2677 1292 2704 ³
1311 2678 1545 2734 V¹**2B‚
1584 2681 1665 2736 qui
1694 2681 1816 2726 solus
1846 2693 1923 2724 ex-

236 2742 328 2783 stat
357 2739 411 2782 in
440 2695 937 2783 MABLTG2Add1·
950 2737 1046 2795 ²89
1065 2739 1154 2807 ΜΡ
1176 2738 1311 2791 Med,
1357 2738 1409 2782 in
1446 2737 1505 2781 Vl
1535 2739 1628 2783 solo
1659 2752 1689 2782 a
1719 2752 1862 2783 manu
1891 2738 1929 2783 Ι

235 2798 301 2842 sic
331 2798 554 2854 scriptum
584 2801 681 2842 erat
709 2802 762 2842 ut
791 2811 936 2853 supra
966 2798 1176 2853 reposui,
1205 2798 1282 2842 sed
1315 2797 1466 2841 salvat
1489 2810 1580 2853 Ρνο
1612 2798 1769 2841 servat
1799 2801 1840 2842 et
1870 2798 1923 2841 in

237 2855 296 2899 H
319 2868 475 2902 versus
505 2870 630 2913 quem
661 2857 872 2913 spwrium
903 2869 992 2900 esse
1015 2859 1134 2913 puto
1156 2856 1298 2912 plane
1328 2857 1518 2901 omissus
1549 2860 1639 2913 est,
1686 2855 1815 2901 Mat:
1861 2854 1922 2900 Et

234 2915 406 2960 multos
437 2915 636 2960 redimet
667 2914 872 2972 gloriosa
903 2919 1051 2959 morte
1085 2917 1275 2960 coronat
