2038 3192
182 185 255 238 20
869 228 871 231 ,
898 183 1079 227 LIBER
1109 185 1143 228 Ι.

255 304 503 356 Audistis
544 304 741 357 veteris
781 304 987 357 iussum
1027 305 1388 359 moderamine
1428 306 1587 376 legis:

181 377 435 431 Humano
477 379 522 430 si
564 377 682 446 quis
722 378 1009 430 macularit
1050 380 1310 449 sanguine
1350 380 1582 449 palmaS‚

181 451 284 504 Ille
324 470 447 504 reus
494 450 635 504 ferro
676 452 947 519 persolvet
984 452 1193 506 vindice
1233 471 1450 522 poenas,

183 526 289 578 Ast
329 542 429 593 ego
468 524 818 595 praecipiam,
857 544 923 578 ne
964 526 1082 596 quis
1122 544 1444 596 consurgere
1484 526 1540 579 in'
1578 527 1688 579 iras

183 598 396 652 Audeat
437 603 597 668 atque
638 599 759 652 odio
799 598 984 652 fratris
1024 599 1265 653 fervente
1306 600 1524 653 moveri.
1779 614 1864 654 500

182 671 326 725 Nam
365 691 485 725 reus
526 672 614 726 hic
655 691 825 741 aequo
866 691 1067 742 poenas
1109 675 1207 726 sub
1247 674 1418 727 iudice
1458 675 1667 743 pendet.

182 746 297 799 Nec
337 746 513 799 minor
552 746 771 799 illorum
811 747 1050 800 convicia
1089 747 1309 800 flamma
1348 751 1614 816 sequetur,

184 820 289 882 Qui
327 819 468 873 fatui
509 820 757 874 miserive
797 821 938 873 cient
979 821 1077 874 sub
1117 822 1334 874 nomine
1373 821 1613 874 fratrem.

258 893 356 947 Sin
395 894 585 947 offerre
624 895 798 963 voleS‚
839 913 1099 947 venerans
1140 895 1359 963 altaria,
1399 913 1591 948 munus

180 967 257 1020 Et
295 972 391 1021 tua
430 971 558 1020 tunc
597 968 794 1021 tacitae
833 969 1030 1021 mentis
1068 969 1369 1038 penetralia
1409 972 1621 1038 tanget,
1781 981 1865 1022 505

185 1041 338 1103 Quod
377 1042 479 1094 tibi
520 1042 590 1095 sit
630 1060 749 1095 cum
788 1041 955 1095 fratre
996 1043 1140 1096 domi
1180 1045 1430 1110 suscepta
1470 1043 1743 1111 simultaS‚

181 1115 408 1168 Munera
447 1119 641 1174 cuncta
678 1116 792 1168 illic
833 1115 1010 1185 adytis
1053 1116 1271 1169 admota
1308 1116 1550 1184 relinque

182 1189 257 1242 Et
296 1189 444 1257 prius
486 1189 552 1241 ad
590 1207 779 1258 pacem
817 1208 1112 1258 properans
1151 1194 1458 1242 transcurre
1496 1189 1801 1259 petendam.

184 1263 447 1316 Fraterno
489 1263 703 1316 demum
741 1263 852 1315 iam
891 1263 1207 1316 conciliatus
1250 1263 1421 1316 amori

185 1336 333 1389 Offer
374 1339 532 1406 grata
571 1337 669 1390 deo
709 1337 1006 1405 tranquillo
1047 1340 1262 1406 pectore
1302 1336 1456 1390 dona.
1784 1349 1870 1389 510

255 1410 359 1463 Est
398 1410 500 1463 tibi
541 1413 821 1478 praeterea
859 1428 1070 1479 semper
1109 1411 1380 1463 contraria
1419 1410 1592 1462 virtus

186 1483 463 1554 Corporis3
501 1483 603 1538 hoc
643 1484 781 1537 casti
821 1484 980 1536 celeri
1020 1486 1235 1537 curetur
1275 1501 1478 1551 amore,

183 1558 329 1611 Dum
368 1558 588 1626 rapidae
628 1560 807 1610 tecum
830 1557 1092 1628 graditur
1129 1575 1225 1626 per
1264 1558 1499 1625 compita
1537 1557 1694 1609 vitae.

185 1632 485 1684 Accusabit
525 1631 667 1684 enim
707 1631 907 1699 polluti
946 1632 1187 1699 corporis
1227 1649 1356 1696 usus

185 1706 261 1759 Et
300 1709 351 1758 te
392 1705 612 1758 sublimi
652 1707 858 1758 statuet
898 1705 997 1757 sub
1038 1705 1208 1757 iudice
1247 1705 1501 1757 vinctum.
1722 1710 1725 1711 ’
1781 1716 1865 1756 515

185 1778 518 1832 Damnatum
557 1779 770 1847 rapient
811 1779 878 1831 ad
917 1779 1130 1832 vincula
1171 1795 1331 1831 saeva
1370 1777 1607 1830 ministri

186 1853 300 1906 Nec
339 1853 490 1922 prius
531 1871 558 1905 e
597 1852 834 1905 tenebris
875 1852 1102 1905 solveris
1143 1852 1371 1904 carceris
1412 1851 1539 1919 atri,

190 1925 402 1979 Ultima
442 1945 603 1995 quam
643 1925 853 1978 minimi
891 1925 1148 1978 reddatur
1186 1924 1366 1994 portio
1404 1925 1626 1977 nummi.

263 1999 420 2052 Haut
457 2000 667 2069 ignota,
706 2018 851 2066 reor,
891 1999 1043 2051 vobis
1085 2001 1198 2050 stat
1237 1997 1414 2050 cautio
1454 1997 1592 2066 legis

189 2072 399 2142 Corpus
441 2072 705 2126 adulterio
746 2071 1059 2140 prohibenS,
1101 2071 1193 2124 sed
1231 2089 1372 2124 nunc
1410 2088 1530 2122 mea
1569 2070 1718 2123 iussa
1787 2084 1872 2124 520

190 2147 414 2201 Occulta
452 2147 697 2200 internae
736 2146 951 2198 frenant
991 2144 1271 2198 molimina
1311 2144 1529 2198 mentis:

189 2220 302 2274 Nec
342 2220 517 2273 minus
559 2220 735 2290 optati
774 2238 935 2289 quam
973 2218 1105 2271 facti
1143 2236 1316 2287 poena
1354 2217 1549 2270 luenda
1588 2220 1686 2270 est.

266 2293 324 2347 Si
363 2297 418 2346 te
457 2294 598 2347 forte
638 2294 780 2347 oculi
819 2292 994 2351 dextri
1033 2291 1364 2360 laqueaverit
1406 2309 1569 2358 error,

191 2368 485 2421 Auctorem
526 2368 753 2420 miserae
792 2384 1087 2436 properans
1128 2365 1418 2418 convellito
1459 2364 1599 2416 labis

188 2442 266 2495 Et
303 2441 538 2494 iaculare
577 2441 781 2511 procul.
842 2438 987 2492 Nam
1018 2439 1321 2492 membrum
1353 2437 1575 2506 perdere
1607 2437 1772 2490 refert
1790 2451 1874 2490 525

190 2515 495 2585 Exiguum,
533 2515 768 2568 fiammis
811 2532 971 2583 quam
1011 2516 1190 2566 totum
1230 2511 1418 2564 dedere
1458 2529 1651 2580 corpus

194 2588 583 2658 Perpetuisque
625 2589 862 2641 animam
899 2586 1105 2656 pariter
1143 2585 1460 2639 convolvere
1501 2585 1704 2655 poenis,

197 2663 274 2715 Et
314 2662 361 2714 si
401 2662 587 2714 dextra
626 2679 815 2714 manus
856 2664 1090 2713 mentem
1130 2677 1224 2728 per
1264 2658 1417 2712 devia
1458 2659 1623 2727 ducit,

315 2854 399 2895 501
433 2864 578 2906 aeque
611 2849 727 2895 0²²⁸*
741 2849 888 2894 M*R
931 2851 938 2905 Ι
979 2848 1144 2894 reddet
1177 2848 1237 2891 M
1266 2848 1373 2902 (div.
1405 2861 1488 2894 scr.
1522 2847 1711 2904 pendet)
1753 2848 1877 2903 {1504

196 2910 355 2955 volens
376 2909 435 2956 0¹
463 2912 470 2966 Ι
497 2909 632 2954 donis
658 2922 747 2966 pro
771 2908 990 2953 munusR
1011 2908 1074 2952 M
1089 2909 1104 2963 ΙΙ
1128 2911 1211 2951 511
1238 2920 1421 2964 semper
1437 2932 1493 2940 —
1511 2905 1660 2951 virtus
1686 2903 1742 2949 C'l
1754 2905 1876 2959 Mat,

194 2968 417 3014 virtus—
436 2982 616 3026 semper
649 2969 664 3024 ΙΙ
703 2972 788 3012 521
820 2967 1006 3012 frenant
1038 2966 1148 3011 0¹13
1179 2967 1268 3011 div.
1301 2979 1385 3011 scr.
1422 2965 1536 3010 M**
1557 2965 1677 3019 Mat,
1709 2962 1879 3008 feriant
