2038 3192
218 164 292 217 94
911 163 1091 211 LIBER
1120 165 1199 212 1v.

218 284 324 349 Qui
361 286 564 339 iustum
605 285 784 355 dedet3
823 289 1026 354 quanto
1065 285 1277 340 felicior
1316 291 1480 356 esset,

216 358 274 412 Si
310 378 607 428 numquam
644 359 807 412 terris
845 359 1142 444 tetigisset·
1158 361 1362 413 lumina
1401 360 1607 415 vitae!“

214 432 291 487 Et
328 433 490 486 Iudas
532 433 772 503 graviter
810 435 928 485 tum
967 434 1180 487 conscia
1217 438 1440 518 pectora
1477 453 1718 506 pressus,

214 505 557 576 „Numquid‚
599 508 696 574 ait,
734 506 922 559 Iudam
963 507 1092 560 talis
1133 508 1395 578 suspicio
1408 508 1667 579 tangit‘?“

213 580 516 649 Respondit
554 580 847 633 Dominus.
885 580 993 649 „Te
1031 581 1168 634 talia
1208 582 1381 635 dicere
1422 601 1596 636 cerno
1598 583 1627 611 “
1812 597 1899 638 445

213 653 365 707 Haec
402 653 497 707 ubi
537 655 705 723 dicta,
746 654 892 724 capit
929 654 1126 723 palmis
1167 655 1271 709 sibi
1308 655 1562 727 frangere
1601 675 1822 726 panem,

216 728 571 798 Divisumque
611 728 804 781 dehinc
841 728 1010 781 tradit
1050 732 1340 800 sancteque
1377 733 1628 799 precatus

214 802 527 871 Discipulos
569 802 775 871 docuit,
812 803 1095 872 proprium
1135 803 1240 856 sibi
1278 804 1467 856 dedere
1508 823 1716 873 corpus.

216 876 359 930 Hinc
398 877 617 929 calicem
660 875 825 929 sumit
864 875 1129 929 Dominus
1168 877 1399 947 vinoque
1439 879 1707 947 repletum

218 949 403 1003 Gratis
444 950 747 1004 sanctificat
782 950 963 1004 verbis
1003 953 1299 1020 potumque
1339 951 1637 1050 ministrat,
1815 955 1903 1008 450

214 1024 579 1094 Edocuitque‚
620 1043 775 1076 suum
815 1042 871 1077 se
911 1024 1157 1078 divisisse
1197 1043 1462 1094 cruorem,

214 1098 396 1168 Atque
438 1098 537 1150 ait:
576 1097 722 1166 „Hic
761 1099 982 1168 sanguis
1022 1093 1209 1168 populi
1247 1099 1443 1152 delicta
1480 1100 1733 1171 redemit3

212 1171 332 1226 Hoc
369 1175 557 1241 potate
596 1191 791 1225 meum.
852 1171 996 1224 Nam
1035 1172 1175 1224 veris
1215 1174 1416 1226 credite
1455 1173 1612 1227 d1ct1s
1622 1216 1636 1243 ,

212 1245 347 1299 Post
385 1246 518 1299 haec
554 1263 666 1298 non
703 1264 961 1314 umquam
1000 1245 1128 1298 vitis
1170 1248 1401 1316 gustabo
1441 1247 1731 1318 liquorem,

212 1320 401 1373 Donec
439 1336 607 1389 regna
645 1319 819 1389 patris
859 1319 1099 1372 melioris
1139 1338 1358 1373 munere
1397 1320 1542 1374 vitae
1814 1334 1901 1375 455

214 1393 281 1447 In
318 1411 460 1447 nova
498 1412 584 1446 me
624 1411 809 1446 rursus
850 1393 1145 1446 concedent
1187 1411 1405 1463 surgere
1443 1395 1614 1449 vina.“

212 1467 359 1521 Exin
397 1470 615 1520 cantato
657 1467 858 1519 sanctis
899 1467 1251 1520 concentibus·
1286 1468 1489 1537 hymno

213 1540 416 1596 Montis
457 1541 659 1595 Oliveti
698 1540 1061 1596 conscendunt
1099 1542 1335 1594 culmina
1374 1542 1568 1596 cuncti.

214 1615 368 1668 Talia
406 1619 525 1668 tum
564 1612 816 1668 Christus
857 1614 1129 1683 depromit
1167 1618 1385 1684 pectore
1425 1616 1612 1669 verba:

212 1689 443 1759 „Omnes
482 1690 758 1759 praesenti
795 1689 972 1742 noctis
1011 1707 1108 1742 vos
1146 1691 1392 1758 tempore
1430 1690 1592 1759 longe
1811 1702 1898 1743 460

216 1764 512 1834 Disperget
550 1763 744 1816 misere
785 1763 998 1816 deserto
1037 1762 1280 1833 principe
1319 1766 1510 1816 terror.

218 1837 305 1892 Sic
345 1838 544 1890 etenim
584 1837 846 1906 scriptum
887 1839 992 1889 est:
1030 1836 1273 1890 Pastoris
1314 1837 1527 1890 casibus
1568 1854 1753 1890 omnes

217 1911 283 1965 In
322 1911 536 1964 diversa
574 1910 760 1980 fugam
801 1910 1016 1978 capient
1053 1928 1150 1979 per
1187 1929 1315 1963 rura
1353 1911 1613 1964 bidentes.

215 1985 350 2038 Post
387 1985 481 2037 ubi
520 1983 636 2037 vita
672 2001 844 2037 novos
885 1983 1021 2036 caeli
1059 1983 1192 2036 mihi
1233 1984 1419 2036 reddet
1457 1985 1714 2053 honoreS‚

214 2059 567 2112 Praeveniam
605 2061 922 2126 vestrosque
962 2057 1156 2110 choros
1197 2057 1525 2127 genitalibus
1566 2057 1708 2110 arvis
1813 2070 1899 2112 465

214 2132 384 2186 Grata
423 2131 699 2185 Galilaeae
736 2131 972 2185 volitans
1011 2149 1106 2200 per
1145 2149 1272 2183 rura
1311 2131 1529 2184 docebo.
1533 2130 1561 2158 “

214 2206 516 2277 Respondit
554 2205 774 2258 Petrus:
811 2203 1111 2274 ‚‚CunctOS‚
1151 2205 1196 2256 si
1236 2205 1448 2258 credere
1487 2205 1570 2258 fas
1611 2207 1714 2274 est,

216 2279 374 2344 Quod
411 2283 508 2333 tua
546 2279 792 2332 labenter
829 2278 1044 2347 possint
1082 2283 1374 2348 praecepta
1411 2296 1633 2349 negare,

215 2354 320 2408 Sed
358 2372 480 2407 mea
518 2372 629 2406 non
669 2371 922 2423 umquam
962 2353 1196 2405 mutabit
1234 2356 1453 2421 pectora
1492 2352 1692 2406 casus.“

213 2428 316 2481 Ille
358 2427 570 2480 dehinc:
609 2426 771 2496 „Nox
809 2426 963 2495 haec,
1004 2445 1139 2496 quae
1179 2427 1357 2480 lucida
1397 2427 1572 2480 sidera
1610 2427 1770 2480 terris
1809 2439 1898 2480 470

213 2501 430 2555 Inducit
466 2502 746 2570 lucemque
784 2518 1032 2569 premens
1070 2519 1212 2554 nunc
1249 2501 1472 2554 incubat
1509 2500 1701 2570 undas,

214 2574 437 2643 Audiet,
475 2578 536 2628 ut
574 2574 734 2627 trinis
772 2574 1002 2643 pavidus
1041 2575 1319 2628 mendacia
1355 2574 1535 2627 verbis

332 2724 418 2764 442
449 2719 614 2763 limina
646 2718 756 2763 (ΡΒ
779 2720 795 2774 ΙΙ
818 2723 905 2763 446
938 2718 1065 2776 capit
1095 2719 1159 2764 M
1167 2719 1288 2773 Mat,
1322 2717 1477 2775 coepit
1497 2717 1661 2762 T**H
1675 2730 1775 2774 sup.
1795 2717 1894 2772 lin„

215 2779 345 2824 dedit
372 2778 435 2833 0;
466 2778 648 2835 Koem'y
669 2779 929 2834 suspicatus
952 2783 1029 2832 est,
1055 2782 1160 2834 post
1182 2779 1304 2823 hwnc
1327 2791 1501 2822 versum
1524 2789 1668 2822 wnum
1690 2777 1759 2821 vel
1779 2776 1895 2821 duos

213 2839 430 2883 excidisse
452 2840 468 2895 ΙΙ
490 2842 577 2882 447
603 2838 905 2893 sanctumque
922 2837 1038 2881 RV¹
1062 2839 1078 2892 ΙΙ
1100 2841 1187 2881 448
1213 2837 1279 2881 sic
1298 2836 1366 2891 6¹¹,
1393 2851 1441 2881 se
1458 2837 1572 2880 HK
1581 2837 1691 2881 Mat
1706 2835 1894 2892 (edere),

213 2897 302 2942 sibi
323 2899 339 2956 ss
361 2901 448 2942 453
478 2896 615 2941 Hunc
646 2896 745 2940 AB
755 2896 909 2939 LT**
923 2897 979 2940 H
982 2898 1012 2950 l,
1043 2896 1178 2940 Nunc
1213 2895 1270 2940 0³
1297 2900 1302 2946 Ι
1329 2896 1494 2952 putate
1527 2894 1583 2940 (1¹
1605 2897 1621 2952 ΙΙ
1642 2898 1731 2939 460
1761 2906 1894 2951 prae·

214 2957 358 3001 sentis
392 2957 454 3000 M
474 2956 488 3013 ΙΙ
512 2961 598 3001 467
634 2954 799 3000 Cuncti
822 2955 885 3000 M
900 2958 916 3012 ss
938 2960 1025 3001 468
1056 2955 1267 3000 labentes
1292 2955 1338 3000 R
1365 2956 1372 3012 Ι
1398 2956 1589 3011 possent
1622 2953 1749 2998 (ΡΜ
1768 2953 1892 3010 {1471
