2038 3192
208 160 277 213 36
916 157 1097 202 LIBER
1128 158 1183 203 11.

211 280 363 333 Tune
405 279 569 332 etiam
609 281 846 330 mentem
878 277 1020 331 vitae
1061 278 1124 331 de
1162 278 1362 331 lumine
1402 281 1617 347 raptam

211 353 496 423 Demergis
534 369 793 421 praeceps
831 349 1025 421 furvis,
1064 350 1388 420 miserande,
1427 351 1663 405 tenebris
1676 394 1688 420 ,

209 426 325 481 Nec
363 429 519 497 potes
561 426 794 478 obtunso
835 425 1214 494 comprendere
1253 425 1386 477 talia
1426 426 1621 478 sensu?

208 500 350 553 Ecce
388 499 521 553 fides
560 499 714 552 nulla
753 502 857 568 est,
895 502 1113 553 tantum
1152 499 1434 551 terrestria
1471 498 1602 551 dixi!

210 572 371 643 Quid,
412 573 459 626 si
498 573 757 626 caelestes
797 573 940 626 vires
981 572 1335 627 conscendere
1375 590 1551 625 sermo
1808 587 1894 627 210

209 645 462 718 Coeperit
502 650 557 699 et
596 664 818 715 superas
858 665 1038 700 rerum
1077 646 1457 715 comprendere
1496 644 1739 699 formas?

210 720 340 783 Quis
378 723 620 774 vestrum
660 721 849 773 duram
866 720 1092 790 'poterit
1130 720 1264 773 mihi
1302 719 1536 788 pandere
1578 721 1852 773 mentem?

207 793 455 863 Accipite
496 811 649 864 erge,
687 795 842 847 novis
883 812 1019 863 quae
1059 794 1131 847 sit
1169 794 1439 846 sententia
1476 793 1650 846 rebus,

210 867 491 921 Sidereum
528 868 711 920 nullus
751 868 952 936 poterit
991 867 1346 922 conscendere
1386 867 1615 931 caelum,

209 941 284 994 Ni
324 943 495 1011 solu8,
535 941 671 995 caeli
711 942 803 1011 qui
841 942 1038 996 missus
1076 942 1225 994 venit
1265 941 1331 994 ab
1373 941 1520 1009 aula,
1813 954 1897 994 215

211 1015 363 1070 Idem
402 1015 638 1068 hominis
678 1018 863 1085 natUS‚
902 1016 1039 1068 caeli
1079 1015 1172 1084 qui
1209 1015 1267 1067 in
1306 1014 1428 1067 sede
1470 982 1729 1068 nioratur.

208 1087 286 1142 Ut
326 1107 543 1158 serpens
585 1088 714 1142 olim
753 1059 1067 1160 regionibus
1105 1089 1165 1140 in
1205 1088 1430 1141 desertis

207 1161 415 1232 Moysei
455 1163 704 1216 manibus
746 1181 957 1215 summo
999 1163 1245 1215 sublatus
1285 1161 1491 1214 honore
1532 1166 1637 1230 est,

210 1234 298 1289 Sic
336 1236 574 1289 hominis
614 1239 804 1288 natum
843 1236 969 1289 tolli
1005 1236 1064 1288 in
1104 1236 1333 1288 sublime
1371 1252 1590 1288 necesse
1633 1240 1736 1304 est,

208 1309 307 1378 Ut,
348 1310 670 1379 quicumque
709 1310 870 1362 fidem
910 1309 1107 1362 mentis
1147 1308 1519 1378 penetralibus
1563 1310 1692 1362 altis
1812 1323 1898 1363 220

207 1383 364 1453 Illius
406 1383 474 1436 ad
511 1401 712 1436 nomen
751 1383 968 1452 statuit,
1008 1383 1109 1436 sub
1149 1381 1367 1436 turbine
1407 1383 1575 1437 saecli

208 1456 493 1510 Proculcet
532 1457 757 1526 pedibus
797 1458 966 1510 letum
1007 1459 1061 1509 et
1099 1460 1252 1509 trans
1294 1455 1470 1508 sidera
1509 1474 1734 1527 surgens

211 1529 474 1583 Sublimis
516 1530 695 1598 capiat
735 1530 933 1583 donum
973 1529 1293 1584 inviolabile
1332 1529 1492 1583 vitae.

209 1603 460 1673 Namque
501 1603 648 1656 Deus
687 1604 948 1656 mundum
985 1606 1139 1656 tanto
1179 1602 1367 1656 dilexit
1406 1622 1612 1673 amore,

209 1677 344 1731 Eius
384 1681 446 1730 ut
482 1677 541 1730 in
579 1680 754 1731 terras
794 1677 1141 1731 descenderet
1178 1677 1339 1730 unica
1377 1678 1557 1746 proles
1812 1689 1898 1730 225

210 1750 501 1805 Credentes
539 1750 774 1804 Domino
812 1751 958 1805 vitae
996 1751 1244 1805 iunctura
1281 1752 1519 1819 perenni.

211 1824 327 1878 Nec
365 1825 512 1878 Deus
550 1824 694 1878 hunc
732 1828 924 1878 natum
965 1825 1259 1895 disquirere
1297 1823 1414 1877 iure
1454 1843 1640 1878 severo

209 1897 484 1955 Iudiciove
521 1898 664 1951 truci
701 1900 875 1951 terras
917 1898 1214 1968 expendere
1254 1898 1428 1967 misit,

210 1971 369 2025 Mitia
408 1971 501 2024 sed
538 1972 756 2040 populis
793 1971 1014 2025 veniant
1051 1975 1113 2025 ut
1150 1988 1375 2025 munera
1412 1972 1574 2025 vitae.

209 2045 457 2115 Namque
496 2045 590 2098 ubi
629 2048 776 2098 certa
813 2045 945 2098 fides
983 2044 1148 2098 fuerit
1187 2047 1446 2115 conplexa
1487 2046 1743 2114 salutem,
1813 2059 1898 2099 230

209 2119 337 2173 Νο11
376 2119 479 2171 erit
516 2119 631 2171 ulla
667 2119 781 2171 illic
821 2137 1017 2188 anceps
1058 2118 1289 2190 agitatio
1329 2119 1477 2171 iuris.

210 2192 318 2246 Ast
355 2193 449 2245 ubi
491 2192 632 2245 dona
668 2194 858 2261 procul
896 2193 1099 2245 fuerint
1138 2192 1355 2246 exclusa
1394 2192 1675 2260 medellae,

211 2265 329 2318 Iam
368 2266 591 2335 propria
630 2267 872 2335 ipsorum
911 2270 1149 2319 mentem
1191 2266 1465 2319 damnatio
1506 2269 1744 2335 torquet3

210 2338 385 2392 Unica
421 2358 551 2393 nam
589 2339 811 2392 Domini
847 2340 953 2392 fuit
990 2341 1075 2392 his
1114 2340 1392 2409 incognita
1430 2340 1624 2407 proles,

211 2412 524 2466 Adventum
563 2413 698 2466 lucis
738 2414 922 2466 miseri
958 2413 1147 2484 fugere
1189 2414 1406 2482 superbi
1812 2425 1897 2466 235

210 2484 286 2539 Et
324 2486 500 2555 magis
542 2487 775 2555 amplexi
815 2505 1001 2540 caecas
1042 2491 1262 2540 tenuere
1302 2487 1571 2539 tenebras,

214 2557 304 2612 Sic
344 2561 665 2629 quicumque
705 2561 863 2613 malis
904 2565 1139 2613 mentem
1180 2561 1535 2613 maculaverit
1576 2560 1734 2628 actis,

210 2631 276 2684 In
314 2633 566 2686 tenebras
605 2633 829 2702 pavidus
869 2634 1094 2704 refugit,
1133 2653 1201 2686 ne
1241 2634 1443 2686 lumine
1484 2634 1630 2687 claro

213 2704 440 2759 Sordida
478 2707 721 2774 pollutae
759 2710 984 2777 pateant
1023 2708 1276 2778 contagia
1316 2708 1526 2760 mentis

332 2883 419 2924 218
451 2879 599 2940 Mosei
632 2880 703 2936 0¹,
736 2879 912 2936 Moysei
944 2881 1020 2935 M,
1055 2881 1202 2925 Mosei
1225 2881 1269 2924 R
1293 2885 1307 2938 ΙΙ
1331 2886 1415 2925 221
1450 2895 1619 2925 nomen
1645 2880 1784 2936 (PM,
1817 2895 1898 2924 nu-

211 2952 318 2983 men
341 2940 357 2996 ΙΙ
380 2943 466 2983 236
497 2939 712 2984 tenebras
747 2938 912 2996 0¹Mp,
947 2939 1153 2984 latebras
1177 2940 1192 2995 ΙΙ
1218 2945 1302 2984 238
1335 2942 1386 2984 In
1421 2940 1489 2996 0¹,
1522 2940 1594 2984 Ad
