2038 3192
697 749 961 811 LIBER
1005 751 1398 814 TERTIUS.

276 980 515 1034 Fuderat
552 981 610 1034 in
648 984 822 1035 terras
862 1000 1075 1035 roseum
1114 979 1271 1034 iubar
1308 982 1610 1051 ignicomus
1652 984 1751 1037 sol.

205 1054 473 1125 Discipuli
510 1056 778 1126 rogitant,
815 1056 930 1109 lolii
971 1056 1094 1125 quid
1137 1056 1382 1124 quaestio
1421 1057 1587 1109 vellet

202 1128 278 1181 Et
317 1129 542 1199 segetis3
582 1130 757 1182 clarus
799 1130 992 1198 quibus
1031 1130 1163 1182 haec
1203 1130 1472 1199 depromit
1509 1130 1681 1184 Iesus:

205 1200 429 1271 Optima
469 1203 560 1271 qui
598 1203 760 1255 farris
801 1203 1142 1255 commendat
1181 1203 1387 1255 semina
1425 1203 1624 1274 glebis,

203 1275 376 1328 Filius
418 1279 500 1328 est
539 1276 798 1346 hominis;
837 1277 1096 1329 muudum
1136 1277 1234 1328 sub
1274 1276 1489 1329 nomine
1526 1277 1668 1330 ruris
1863 1292 1890 1332 5

204 1347 468 1419 Accipite,
509 1353 670 1419 atque
708 1350 953 1403 homines
992 1368 1128 1418 puro
1167 1368 1266 1418 pro
1307 1350 1508 1403 semine
1546 1351 1733 1405 iustos.

203 1421 281 1475 At
320 1423 511 1476 lolium
549 1423 736 1476 infelix
777 1423 1018 1492 cooperti
1058 1423 1334 1476 daemonis
1376 1427 1491 1476 arte

207 1494 345 1550 Sunt
383 1496 653 1566 homines3
691 1496 940 1550 immicus
982 1497 1108 1567 erit,
1146 1496 1227 1550 vis
1267 1497 1508 1566 horrida,
1547 1497 1794 1568 daemon3

204 1569 497 1623 Extremus
536 1570 722 1623 mundi
760 1570 884 1622 finis
923 1589 1021 1639 pro
1060 1574 1303 1639 tempore
1342 1540 1550 1623 messis,

203 1642 474 1696 Messores
514 1645 676 1713 patrii
714 1644 934 1697 venient
971 1662 1068 1714 per
1106 1663 1232 1696 rura
1269 1643 1527 1712 ministri,
1835 1659 1889 1700 10

206 1716 351 1779 Quos
391 1717 628 1770 hominis
666 1720 828 1769 natus
866 1717 1073 1786 proprii
1113 1717 1176 1770 de
1216 1735 1438 1786 corpore
1477 1718 1633 1787 regni

205 1789 475 1861 Colligere
515 1791 710 1844 erroris
749 1792 971 1860 laqueos
1011 1791 1297 1859 labemque
1336 1790 1544 1843 iubebit

206 1863 584 1934 Collectosque
625 1865 787 1917 simul
825 1864 1026 1933 rapidis
1067 1882 1285 1917 exurere
1323 1864 1572 1918 flammis.

204 1936 475 1991 Dentibus
515 1938 601 1990 his
642 1937 840 1990 stridor
879 1956 1091 2007 semper
1128 1938 1393 2007 fletusque
1431 1939 1704 2008 perenniS,

206 2009 547 2081 Secretisque
586 2012 692 2081 piis
732 2011 913 2063 veniet
950 2012 1041 2064 lux
1081 2029 1243 2063 aurea
1281 2012 1446 2078 vitae,
1835 2026 1891 2067 15

206 2083 436 2138 Sedibus
476 2088 537 2137 ut
575 2085 710 2138 caeli
748 2083 1032 2138 vibrantur
1070 2084 1278 2136 lumina
1317 2084 1460 2136 solis,

279 2158 427 2212 Haec
466 2158 647 2212 docuit
684 2157 1024 2228 patriamque
1062 2158 1203 2210 redit
1244 2160 1486 2210 servator
1523 2157 1580 2210 in
1618 2159 1821 2212 urbem.

204 2232 323 2285 Illic
363 2232 650 2302 expediens
688 2231 901 2300 populis
935 2262 1004 2269 —
1037 2231 1286 2283 mirabile
1327 2231 1473 2283 dictu
1504 2262 1576 2268 —-

206 2305 453 2358 Iustitiae
492 2306 643 2376 leges
683 2306 929 2374 vitaeque
970 2304 1210 2357 salubria
1246 2304 1414 2372 iussa,

206 2378 455 2431 Virtutes
494 2379 701 2447 patrias
741 2378 902 2431 simul
941 2378 1259 2431 insinuando
1301 2378 1540 2431 docebat.
1831 2392 1889 2432 20

208 2451 360 2505 Tunc
399 2452 570 2505 livore
610 2452 766 2522 gravi
803 2452 989 2520 plebes
1030 2453 1299 2504 commota
1338 2469 1556 2505 suorum

206 2525 619 2594 Praesentisque
660 2525 823 2578 simul
864 2525 989 2577 doni
1029 2525 1289 2578 miracula
1327 2526 1547 2578 volvens

207 2598 282 2651 Et
323 2599 535 2669 generis
573 2599 692 2651 noti
729 2601 987 2667 reputans
1028 2617 1091 2651 ex
1130 2598 1314 2651 ordine
1354 2603 1592 2668 gentem,

206 2671 356 2725 Haec
393 2672 536 2725 inter
575 2690 692 2725 sese
730 2672 998 2725 mussanti
1035 2690 1164 2725 voce
1203 2672 1474 2725 volutant:

327 2788 550 2843 Inscript.
582 2787 683 2831 vide
714 2791 861 2831 antea.
887 2788 902 2843 ΙΙ
929 2791 983 2830 14
1014 2786 1242 2842 fletusque
1277 2786 1346 2841 01,
1378 2787 1624 2843 luctusque
1656 2786 1766 2831 MR
1789 2788 1804 2844 ΙΙ
1833 2791 1886 2831 17

208 2847 417 2890 servator
450 2845 569 2900 0¹⁴,
603 2845 809 2889 salvator
839 2845 948 2889 MR
970 2846 986 2901 ΙΙ
1009 2849 1065 2888 22
1099 2846 1209 2890 doni
1243 2845 1380 2903 0¹13,
1417 2846 1497 2890 dfii
1525 2846 1541 2903 u
1572 2849 1630 2890 24
1659 2845 1890 2890 mussanti

209 2904 348 2961 0171,
381 2903 623 2949 musitanti
649 2906 655 2960 1
685 2906 924 2948 susurrant
956 2903 1079 2947 RV*
