2038 3192
263 155 332 207 78
956 153 1139 198 LIBER
1161 153 1240 198 ΙΙΙ.

263 273 549 328 Cultorum
589 278 734 327 certa
773 274 911 326 ruris
952 274 1193 328 mercede
1234 274 1463 327 daretur.

259 348 397 401 Ecce
438 349 749 402 colonorum
791 348 969 400 rabies
1008 349 1107 401 hos
1146 349 1368 401 verbere
1411 365 1589 417 saevo,
1862 361 1949 401 720

259 422 365 473 Ast
406 423 542 474 alios
583 421 823 490 lapidum
862 425 1172 490 proterrent
1209 422 1444 490 undique
1485 421 1637 490 telis;

256 495 506 564 Denique
547 495 699 547 letali
738 499 1088 564 prosternunt
1125 497 1345 548 vulnere
1385 495 1606 548 multos,

258 568 396 621 Tum
439 569 687 622 dominus
727 569 867 621 ruris
909 570 1090 637 plures
1130 569 1375 622 incedere
1417 586 1605 621 servos

258 641 532 712 Praecipit
572 646 626 695 et
664 660 878 695 rursum
918 642 1179 695 mercedis
1217 645 1380 712 pacta
1417 642 1680 711 reposcit3

256 715 434 768 Maior
475 719 531 768 at
568 716 625 768 in
663 717 846 785 plures
887 717 1060 769 audax
1098 716 1296 769 iniuria
1336 716 1524 786 surgit.
1857 727 1945 768 725

258 789 470 842 Ultima
508 791 616 842 iam
658 790 876 843 domino
916 793 1102 842 natum
1142 790 1412 842 dimittere
1452 807 1604 842 mens
1644 792 1749 856 est,

256 862 410 925 Quod
450 864 697 916 subolem
737 867 1056 933 partemque
1096 865 1177 916 sui
1218 865 1299 916 vis
1340 863 1504 934 digna
1542 862 1763 931 pudoris

259 935 540 990 Cultorum
581 938 731 990 cordi
769 938 1129 990 venerandam
1168 942 1413 1005 posceret
1453 955 1583 989 esse.

257 1009 361 1063 Sed
403 1014 592 1064 contra
632 1011 852 1063 illorum
890 1011 998 1063 iam
1041 1029 1191 1063 mens
1231 1011 1504 1064 maculata
1544 1029 1731 1063 cruore

255 1084 523 1154 Progenie
563 1086 829 1138 exstincta
867 1085 1072 1137 domini
1111 1084 1216 1137 sibi
1255 1087 1381 1154 post
1421 1084 1760 1139 dominatum
1858 1098 1944 1139 730

255 1156 454 1210 Cedere
495 1159 829 1227 credentum,
868 1159 1069 1211 crudeli
1109 1159 1328 1210 vulnere
1367 1159 1535 1210 fixum

254 1230 595 1284 Obtruncant
634 1232 941 1301 iaciuntque
981 1231 1129 1284 foras
1169 1235 1320 1284 trans
1363 1235 1551 1299 saepta
1591 1232 1834 1285 cadaver'.

252 1304 387 1358 Post
426 1306 559 1358 haec
598 1306 707 1358 iam
747 1306 996 1358 dominus
1037 1306 1217 1358 veniet
1256 1323 1563 1374 poenasque
1603 1310 1853 1375 reposcet

252 1378 550 1432 Tantorum
593 1380 867 1432 scelerum.
932 1378 1035 1432 Sed
1073 1379 1227 1432 vobis
1267 1379 1470 1431 tradita
1511 1381 1790 1447 quondam·

251 1452 294 1504 F
297 1454 533 1522 ulgentis
574 1453 730 1523 regni
770 1453 922 1506 sedes
962 1453 1231 1505 translata
1269 1453 1474 1505 feretur
1855 1466 1942 1508 735

253 1527 339 1579 Ad
381 1526 650 1595 placidam
690 1530 931 1597 gentem,
970 1526 1146 1594 possit
1187 1544 1322 1595 quae
1361 1526 1582 1579 reddere
1620 1526 1875 1580 fructusf‘

326 1599 433 1668 „Ut
471 1619 587 1670 rex,
629 1601 721 1669 qui
759 1603 887 1653 nato
926 1600 1297 1661 thalamorum
1335 1600 1549 1653 vincula
1587 1604 1806 1653 nectens

254 1674 549 1744 Praecipit,
588 1677 649 1726 ut
687 1692 938 1743 proceres
979 1673 1225 1727 convivia
1263 1675 1409 1726 laeta
1447 1674 1811 1744 frequentent,

254 1748 475 1801 Accitos
515 1747 734 1800 famulis
775 1749 889 1801 voti
928 1748 1129 1818 regalis
1168 1748 1430 1800 honorem

254 1821 646 1875 Concelebrare
688 1821 872 1891 simul3
912 1822 1091 1874 cuncti
1133 1822 1224 1874 sed
1266 1821 1412 1874 adire
1452 1824 1704 1874 recusant
1855 1833 1940 1875 740

250 1895 484 1965 Regales
524 1895 820 1963 thalamOS,
859 1896 1060 1963 regalis
1100 1895 1294 1963 pocula
1334 1913 1565 1948 mensae.
1954 1898 1955 1902 ’

251 1968 386 2022 Post
426 1969 562 2021 alios
603 1970 794 2036 mittit,
836 1986 951 2020 sese
991 1968 1302 2036 largissima
1342 1973 1532 2021 cuncta

250 2042 676 2111 Magnificasque
717 2042 903 2111 dapeS,
943 2042 1190 2094 convivia
1229 2042 1375 2094 laeta
1415 2059 1649 2109 parasse.

249 2115 343 2168 Illi
380 2115 640 2186 neglectis
681 2116 875 2185 opibus
915 2116 1127 2168 diversa
1165 2115 1438 2184 petebant.

249 2189 354 2243 Hic
394 2190 551 2243 aedes
591 2189 861 2259 propriaS,
901 2189 989 2242 hic
1027 2188 1168 2241 ruris
1207 2191 1351 2241 tecta
1390 2188 1701 2258 propinqui,
1855 2201 1938 2242 745

251 2263 357 2316 Ast
396 2264 535 2316 alius
574 2281 778 2316 merces
818 2263 999 2347 potius
1040 2281 1101 2316 ac
1139 2263 1289 2315 lucra
1327 2262 1530 2316 revisit.

248 2336 413 2390 Multi
452 2340 734 2406 praeterea
773 2337 994 2405 11118808,
1034 2336 1126 2406 qui
1166 2336 1234 2389 ad
1271 2337 1416 2389 laeta
1455 2339 1739 2403 vocarent,

256 2409 506 2464 Insontes
546 2411 778 2463 famulos
818 2410 1037 2480 rapiunt
1077 2413 1132 2462 et
1171 2427 1398 2478 corpora
1436 2409 1580 2463 ferro

248 2483 315 2536 In
353 2487 585 2537 mortem
625 2486 879 2538 cruciant.
944 2483 1081 2536 Tum
1119 2502 1213 2536 rex
1252 2483 1347 2535 ubi
1386 2484 1648 2553 comperit
1689 2487 1831 2553 acta,

248 2557 471 2610 Milibus
513 2558 734 2611 armatis
775 2559 916 2611 cives
958 2577 1079 2610 cum
1119 2557 1399 2610 moenibus
1438 2557 1572 2625 ipsis
1845 2569 1932 2610 750

252 2629 497 2699 Subruit,
538 2632 692 2684 effusi
729 2631 1058 2684 famulorum
1099 2630 1378 2701 sanguinis
1418 2631 1579 2684 ultor.

252 2704 401 2758 Tunc
442 2706 612 2758 servis
651 2705 819 2757 fatur:
859 2704 1018 2759 Nunc
1055 2705 1196 2758 festa
1233 2704 1438 2774 iugalia
1479 2722 1662 2772 cenae,

365 2825 449 2865 735
487 2821 686 2864 refertur
726 2821 870 2864 ΜΒ*
939 2823 954 2876 ΙΙ
1025 2825 1109 2864 ’736
1149 2819 1222 2862 Ad
1262 2822 1450 2877 gentem
1490 2820 1655 2878 dignos
1686 2818 1895 2865 RG³V2
1920 2820 1934 2877 Η

250 2883 334 2924 738
380 2878 617 2936 Praecipit
662 2880 715 2922 ut
760 2879 988 2924 Arevalus
1035 2880 1243 2934 coniecit,
1282 2879 1527 2936 Praecepit
1539 2836 1689 2925 codd.
1723 2877 1930 2936 (Praeci-

248 2939 319 2995 pi*⁵
350 2939 428 2995 M)
