2038 3192
207 165 280 217 46
914 163 1095 207 LIBER
1125 165 1181 209 II.

208 285 590 354 Debiliumque
630 286 816 354 vigent
855 285 1070 337 firmato
1110 285 1303 338 robore
1345 286 1607 355 membra,

206 359 406 411 Lurida
446 359 732 411 discutitur
771 377 1058 427 squamoso
1099 377 1322 427 corpore
1362 359 1535 427 lepra,

205 432 401 485 Aeriae
439 433 587 485 vocis
627 434 876 501 penetrat
916 437 1103 484 surdas
1144 451 1307 485 sonus
1349 451 1519 484 aures,
1803 447 1890 487 520

205 505 467 558 Redditur
507 506 735 558 amissae
775 506 871 558 leti
912 509 1037 574 post
1074 506 1266 558 funera
1304 505 1447 558 vitae

204 579 291 631 Ad
331 597 526 646 corpus
567 598 810 631 remeans
852 579 1062 632 animae
1101 579 1211 631 iam
1250 579 1423 632 libera
1461 579 1656 650 virtUS,

204 652 643 722 Pauperibusque
685 654 794 705 suis
833 671 942 705 non
982 653 1270 723 dedignata
1308 653 1540 722 patescit

203 726 488 797 Fulgentis
530 727 816 796 splendens
857 727 1117 779 adventus
1159 727 1336 795 gloria
1373 726 1564 780 nostri.

202 799 300 852 Ille
339 800 529 853 beatus
570 802 696 868 erit,
737 819 896 869 quem
934 818 1043 852 non
1084 800 1352 869 deceperit
1391 800 1585 852 error.“
1800 813 1885 855 525
1947 812 1959 820 ·

203 873 358 926 Talia
400 874 650 943 discipuli
688 875 927 927 referunt
967 874 1222 926 mandata
1261 875 1537 942 magistrO.

201 946 322 1000 Hoc
362 966 521 1016 super
562 948 628 1000 ad
666 949 927 1017 populum
967 948 1236 1017 depromit
1275 948 1409 1000 talia
1450 946 1720 1000 Christus:

201 1019 349 1089 „Cur
388 1022 443 1073 in
485 1022 693 1074 deserto
733 1022 980 1075 voluistis
1018 1022 1190 1074 visere
1228 1040 1401 1091 nuper

204 1094 454 1148 Stramen
492 1095 884 1148 harundineum
925 1099 1083 1148 vento
1123 1096 1370 1148 vibrante
1410 1095 1652 1148 moveri?

202 1167 309 1222 Cur
349 1169 514 1221 etiam
554 1170 706 1221 molli
746 1170 1003 1222 vestitum
1041 1173 1190 1222 veste
1229 1168 1446 1222 videre?
1801 1183 1888 1223 530

200 1242 267 1294 In
306 1242 555 1295 domibus
595 1260 784 1312 regum
825 1243 979 1295 molli
1018 1261 1138 1295 cum
1176 1246 1325 1295 veste
1364 1246 1630 1295 tenentur.

199 1315 300 1367 Ille
340 1315 732 1384 prophetarum
773 1317 921 1368 solus
961 1316 1339 1369 transcendere
1378 1316 1519 1369 vires

198 1389 403 1443 Iudicio
444 1390 643 1443 veteris
685 1391 873 1458 scripti
912 1390 1253 1458 promittitur
1293 1390 1436 1443 olim.

199 1462 358 1516 Hunc
399 1463 597 1516 etenim
638 1466 903 1516 memorat
942 1464 1274 1516 venerandae
1314 1463 1474 1516 lectio
1514 1464 1685 1518 vocis:

198 1536 287 1589 En
327 1555 429 1607 ego
469 1537 630 1589 mitto
672 1555 851 1589 meum
892 1541 1094 1590 stratas
1135 1540 1322 1605 aptare
1363 1537 1672 1590 ministrum
1801 1551 1886 1591 535

198 1610 344 1663 Ante
384 1614 508 1663 tuos
548 1612 753 1678 vultus3
794 1611 980 1680 genuit
1016 1629 1115 1663 nec
1153 1611 1355 1663 femina
1395 1629 1739 1681 quemquam,

198 1683 375 1737 Maior
413 1684 671 1737 Iohannis
710 1685 886 1736 nostri
926 1685 1017 1754 qui
1055 1684 1272 1736 viribus
1301 1690 1454 1737 esset.

201 1756 302 1810 Sed
341 1758 517 1812 minor
554 1759 656 1811 hoc
696 1759 827 1811 caeli
867 1759 961 1811 fiet
1001 1758 1285 1811 sublimior
1324 1759 1463 1811 aula.

197 1831 374 1884 Huius
416 1834 482 1884 ab
525 1836 714 1884 exortu
751 1832 863 1884 vim
903 1833 1038 1885 caeli
1078 1833 1229 1902 regia
1270 1832 1458 1901 sentit,

196 1903 270 1956 Et
311 1906 443 1958 caeli
482 1923 709 1975 regnum
747 1906 1009 1958 violentia
1049 1906 1234 1974 diripit
1275 1909 1445 1958 atrOX.
1799 1919 1884 1960 540

198 1978 310 2031 Lex
350 1980 524 2032 omnis
566 1997 830 2031 summam
869 1979 1154 2048 Baptistae
1195 1979 1260 2031 ad
1299 1983 1546 2047 tempora
1586 1981 1729 2050 cepit

194 2051 373 2121 Atque
413 2053 801 2122 prophetarum
840 2053 961 2104 finis
1003 2052 1340 2105 concluditur
1378 2052 1535 2105 idem.

196 2124 251 2178 Si
291 2127 459 2179 vultis
498 2126 731 2179 volucris
770 2127 1071 2195 penetralia
1109 2144 1330 2178 noscere
1371 2127 1556 2195 saecli,

197 2198 405 2268 Corpus
446 2199 705 2252 Iohannis
744 2199 876 2252 felix
915 2200 1213 2252 habitabile
1253 2199 1484 2268 sumpsit

193 2271 406 2343 Heliae,
447 2273 716 2343 quondam
757 2292 914 2342 quem
953 2273 1170 2326 turbine
1210 2273 1377 2325 missa
1416 2291 1639 2326 corusco
1794 2286 1880 2327 545

314 2422 397 2461 521
433 2417 676 2462 amissa—
695 2418 796 2463 vita
821 2419 935 2463 MR
958 2421 973 2477 11
1000 2423 1082 2463 522
1117 2419 1238 2463 solus
1269 2419 1433 2474 leyitur
1464 2419 1516 2462 in
1546 2418 1656 2462 MR
1671 2419 1759 2474 ΜΡ
1775 2418 1881 2463 Mat

202 2475 263 2520 V2
309 2482 351 2521 et
395 2479 551 2522 multis
597 2478 707 2522 aliis
751 2492 862 2532 r.‚ec·
909 2483 1014 2534 post
1061 2492 1160 2522 eum
1205 2479 1406 2534 sequitwr
1452 2479 1527 2522 hic
1571 2491 1745 2522 versus:
1789 2479 1877 2521 De-

191 2535 397 2604 positum
438 2538 654 2593 repetens
703 2535 886 2581 animae
935 2535 1200 2580 substantia
1245 2550 1409 2592 corpus
1460 2536 1541 2590 0¹;
1588 2538 1680 2581 duo
1725 2549 1880 2582 versus

192 2595 369 2639 inverso
416 2597 575 2640 ordine
620 2594 679 2638 V¹
699 2597 809 2640 Mat
852 2598 867 2653 11
911 2601 1012 2652 post
1059 2601 1144 2640 523
1192 2599 1233 2639 et
1279 2599 1365 2639 524
1410 2595 1460 2639 hi
1501 2609 1655 2640 versus
1699 2595 1874 2652 sinyuli

197 2655 317 2698 erasi
357 2658 486 2698 sunt:
534 2654 760 2698 Omnibus
793 2657 840 2699 et
869 2656 966 2699 late
997 2669 1090 2698 non
1123 2654 1377 2709 dedignata
1406 2655 1610 2710 patescit
1654 2659 1695 2698 et
1739 2653 1874 2697 Luci-

190 2711 294 2755 fluis
328 2713 577 2769 splendens
610 2713 836 2757 aduentus
868 2713 1021 2770 gloria
1051 2713 1187 2757 terris
1222 2713 1276 2758 01
1300 2716 1315 2770 ss
1339 2717 1425 2757 533
1459 2714 1616 2758 ‘olim‘
1649 2727 1766 2756 unus
1793 2711 1876 2771 0¹11

192 2774 276 2815 541
311 2785 339 2816 a
369 2773 498 2828 temp
503 2787 580 2816 ore
603 2771 835 2817 RV¹Mat
858 2729 898 2830 118
890 2778 996 2828 post
1028 2777 1112 2817 543
1148 2771 1288 2816 0³Hz
1313 2777 1498 2828 ponunt
1527 2773 1647 2817 hunc
1676 2785 1878 2816 versum.-

190 2829 298 2886 Ipse
340 2832 409 2874 est
446 2830 662 2875 iohannis
696 2831 808 2875 felix
839 2832 1061 2876 uenturus
1092 2831 1142 2875 in
1174 2845 1363 2886 aeuum3
1419 2833 1471 2876 in
1511 2831 1573 2875 V¹
1602 2831 1684 2875 hoc
1713 2831 1876 2885 folium

192 2890 344 2934 deerat
374 2892 434 2944 (v.
469 2893 613 2934 543-
622 2894 733 2945 591)
764 2895 804 2934 et
835 2905 947 2935 saec.
984 2891 1106 2934 XII
1133 2892 1388 2947 suppletum
1419 2895 1506 2945 est,
1538 2891 1701 2946 leqitur
1723 2901 1876 2933 versus

191 2949 378 3004 spurius
404 2953 509 3005 post
540 2952 654 3005 544,·
685 2950 737 2994 in
766 2950 873 2994 Bod
898 2954 1003 3006 post
1035 2952 1152 3006 546;
1183 2949 1300 2994 deest
1331 2951 1383 2994 in
1414 2954 1491 2994 cet.
1526 2949 1734 2994 omnibus
