2038 3192
806 140 861 186 V.
896 144 1144 186 651—718.
1750 138 1817 191 77

132 263 315 319 Plebis
355 262 648 316 Iohannem
685 259 960 314 veneratio
1002 261 1350 331 suscipiebat,
1732 273 1817 314 685

134 338 247 393 Nec
284 338 539 407 poterant
577 335 692 388 eius
730 334 979 387 fallacem
1020 334 1194 388 dicere
1235 334 1417 387 vitam.

132 414 368 467 Rursum
407 409 695 463 sublimem
734 407 995 461 dixissent
1034 426 1150 461 esse
1190 408 1537 477 prophetam,

133 485 403 540 Occidisse
441 484 599 536 illum
635 482 878 536 traheret
914 481 1183 535 confessio
1224 482 1453 551 culpam.

133 558 201 612 Se
238 559 444 611 nescire
482 561 668 610 tamen
706 555 986 625 respondit
1022 555 1188 609 factio
1226 555 1412 608 fallax.

134 632 273 685 Tum
299 631 574 686 Christus:
612 630 776 698 „Non
808 632 891 682 est
921 629 1182 682 iniustum
1214 629 1462 683 claudere
1495 647 1695 696 vocem,
1729 642 1815 683 690

133 705 271 761 Cum
310 705 445 758 mihi
484 705 806 758 claudantur
843 722 1126 772 procerum
1165 721 1429 773 responsa
1469 703 1747 772 superba.“

206 778 388 849 „Nam
429 778 676 849 geminae
714 778 884 847 prolis
925 778 1141 846 genitor
1180 776 1402 831 maioris
1441 777 1498 830 in
1537 795 1692 830 aures

136 853 292 906 Talia
333 852 476 906 dicta
515 851 688 906 dedit:
727 850 875 905 Vitis
915 852 1049 904 mihi
1087 851 1267 921 portio
1307 851 1481 903 maior

133 924 470 997 Semiputata
507 926 662 980 iacet.
725 924 830 979 Sed
868 944 1034 996 perge
1075 928 1130 978 et
1168 925 1363 978 robore
1403 924 1534 977 forti

133 999 291 1054 Nunc
324 1000 603 1054 scrobibus
634 1018 776 1054 nunc
808 999 947 1052 falce
980 1017 1227 1067 premens
1252 998 1434 1051 vineta
1457 997 1697 1050 retunde.
1737 1010 1822 1051 695

135 1074 274 1128 Tum
315 1074 522 1128 iuvenis
562 1092 679 1127 sese
718 1077 833 1127 tam
874 1073 1092 1127 sordida
1129 1073 1312 1126 vincla
1348 1071 1554 1125 laboris

133 1147 298 1203 Nolle
337 1148 455 1218 pati
493 1151 775 1202 memorat.
836 1147 972 1201 Post
1012 1146 1194 1200 omnia
1231 1146 1380 1199 iussa
1418 1144 1658 1215 parentis

133 1221 465 1292 Exsequitur
504 1222 869 1291 damnansque
910 1221 1015 1274 sibi
1054 1239 1314 1290 responsa
1353 1222 1580 1273 coercet.

134 1296 269 1350 Post
309 1297 474 1350 alium
511 1299 702 1349 natu-m
742 1295 910 1349 simili
950 1313 1195 1348 sermone
1231 1294 1456 1348 iubebat

134 1369 222 1422 Ad
260 1369 447 1423 vineta
486 1370 568 1423 sui
609 1369 908 1439 dependere
947 1369 1097 1422 iussa
1136 1368 1357 1421 laboris,
1739 1379 1825 1420 700

134 1443 345 1497 Annuit
382 1444 468 1496 his
506 1443 714 1496 iuvenis
751 1461 850 1496 nec
890 1444 1046 1496 dictis
1085 1443 1232 1495 facta
1270 1444 1535 1512 repensat.

133 1516 335 1586 Dicite,
376 1517 497 1587 quis
536 1518 719 1586 potius
761 1516 1024 1587 genitoris
1063 1517 1212 1570 iussa
1252 1514 1583 1585 sequatur‘?“

136 1589 246 1644 Olli
286 1591 616 1645 conlaudant
654 1609 975 1659 responsum
1013 1590 1345 1660 posterioris,

135 1663 491 1734 Prosequitur
531 1664 803 1718 Christus:
843 1663 1042 1733 „Nunc
1079 1682 1208 1717 vera
1248 1663 1514 1717 advertite
1554 1662 1713 1716 dicta.

134 1737 254 1791 Iam
292 1739 468 1810 magis
507 1738 633 1792 hinc
672 1739 809 1792 caeli
851 1738 1031 1791 sedem
1063 1737 1446 1807 comprendere
1479 1739 1708 1807 possunt
1741 1750 1826 1790 705

135 1810 396 1881 Corporis
436 1831 464 1864 e
502 1812 651 1866 vitiis
692 1816 1010 1881 quaerentes
1052 1811 1268 1865 sordida
1307 1812 1478 1879 lucra,

139 1885 314 1948 Quam
354 1889 592 1939 vestrum
632 1886 931 1956 quisquam.
993 1885 1167 1939 Vobis
1206 1904 1334 1938 nam
1373 1888 1595 1939 venerat
1635 1888 1760 1938 ante

136 1959 321 2012 Iustus
361 1960 651 2025 IohanneS,
692 1962 785 2013 sed
823 1979 934 2014 non
973 1963 1056 2013 est
1096 1960 1309 2013 credere
1348 1963 1605 2013 vestrum.

139 2033 387 2103 Namque
426 2034 588 2087 fidem
626 2035 808 2104 potius
849 2034 1193 2088 meretricum
1231 2036 1454 2102 pectora
1493 2036 1698 2087 certam

139 2107 454 2161 Hauserunt
493 2108 784 2178 sordesque
826 2108 992 2161 animi
1029 2126 1259 2177 posuere
1298 2107 1590 2176 pudendas,
1743 2120 1827 2160 ⁷10

53 2255 55 2257 ι
139 2181 216 2234 At
253 2200 350 2234 vos
391 2185 670 2235 tantorum
711 2183 974 2236 scelerum
1011 2182 1091 2235 nil
1130 2182 1374 2250 paenitet
1413 2179 1718 2250 umquamf‘

213 2254 342 2323 „Sic
382 2256 601 2325 quidam
641 2255 810 2324 diveS,
851 2257 936 2310 cui
974 2256 1166 2327 iugera
1205 2256 1379 2309 multa
1417 2255 1640 2308 nitentis

139 2327 327 2381 Vineti
368 2347 556 2398 saepes
595 2331 799 2384 circum
839 2325 1064 2384 densata
1101 2333 1333 2398 coercet,

140 2401 207 2454 In
246 2403 422 2455 medio
462 2407 666 2456 turrem
704 2405 1022 2474 prelumque
1062 2407 1117 2458 et
1156 2404 1303 2457 dolia
1341 2403 1472 2456 fecit

145 2474 501 2547 Cultoresque
542 2477 688 2531 dedit
726 2477 1044 2547 fructusque
1082 2478 1284 2531 locavit
1322 2477 1623 2546 habendOS‚
1746 2489 1829 2531 ⁷15

142 2549 445 2618 Inpositam
485 2554 728 2605 statuens
769 2552 1029 2606 mercedis
1071 2552 1280 2606 solvere
1319 2552 1510 2623 legem.

145 2623 283 2675 Tum
323 2624 621 2695 longinqua
658 2625 819 2696 petit,
861 2626 951 2680 sed
993 2626 1198 2680 fructus
1237 2629 1481 2695 tempore
1521 2629 1665 2679 certo

146 2695 376 2750 Actores
415 2698 652 2753 famulos
692 2700 887 2770 mittit,
929 2700 1047 2770 quis
1087 2700 1267 2770 portio
1308 2701 1460 2754 salva

261 2875 346 2917 685
382 2873 666 2930 suspiciebat
693 2875 842 2921 R*M
858 2878 873 2933 ss
897 2880 982 2921 687
1016 2875 1057 2920 si
1080 2875 1306 2920 dixissent
1332 2874 1502 2931 OlM*,
1535 2873 1757 2918 dixissent
1789 2872 1827 2915 si

149 2929 348 2989 R**Mp
371 2933 386 2988 ΙΙ
412 2937 498 2978 705
531 2934 707 2980 certum
739 2937 811 2979 est
844 2936 923 2989 Μ,
956 2937 1155 2991 possunt
1187 2933 1298 2979 0¹12
