2038 3192
213 168 285 220 34
926 164 1103 209 11131111
1131 164 1188 210 11.

215 286 511 355 Completis
551 286 713 339 labiis
752 285 1018 356 lapidum3
1057 289 1173 338 tum
1214 305 1405 356 spuma
1443 305 1538 355 per
1578 306 1699 340 oras

215 360 552 414 Commixtas
593 360 750 413 undis
793 378 952 413 auras
993 359 1059 412 ad
1101 378 1311 412 summa
1348 360 1575 414 volutat.

212 433 355 486 Hinc
394 434 566 503 iubet,
604 437 666 486 ut
705 451 915 486 summo
955 433 1177 486 tradant
1218 434 1488 504 gustanda
1526 434 1792 489 ministro,
1814 449 1902 489 145

211 506 313 559 Ille
355 507 449 559 ubi
487 507 738 575 percepit
767 507 1056 560 venerandi
1096 507 1236 559 dona
1276 508 1484 575 saporis

211 580 462 650 NesciuS,
501 582 558 633 in
597 581 709 633 vini
749 585 964 651 gratum
1003 581 1262 633 transisse
1302 581 1564 650 liquorem

209 655 445 724 Egestas
483 673 655 724 nuper
693 655 842 723 puris
883 654 946 707 de
983 654 1228 707 fontibus
1267 655 1460 722 undaS,

209 727 463 797 Increpat
501 730 752 798 ignarum
794 746 1074 796 sponsum,
1115 729 1255 797 quod
1295 728 1519 797 pulchra
1557 747 1838 783 reservans

211 802 495 855 Deteriora
533 803 680 871 prius
721 820 816 870 per
855 820 1068 854 mensas
1110 802 1232 855 vina
1276 802 1523 855 dedisset.
1813 817 1899 859 150

210 874 313 928 His
355 875 525 946 signis
567 876 726 945 digne
768 876 1078 928 credentum
1119 875 1505 945 discipulorum

216 949 542 1017 Perpetuam
584 948 772 1002 stabili
809 949 1047 1002 firmavit
1082 949 1278 1002 robore
1317 953 1566 1003 mentem.

286 1022 415 1075 Inde
454 1023 548 1076 ubi
587 1022 802 1075 Iudaeis
843 1023 1068 1076 aderant
1106 1023 1388 1075 sollemnia
1426 1023 1680 1092 paschae,

214 1096 301 1148 Ad
343 1095 595 1165 Solymos
636 1097 831 1149 direxit
870 1098 974 1149 iter
1012 1097 1322 1166 temploque
1363 1097 1596 1150 subibat.

210 1170 470 1239 Repperit
508 1171 596 1223 hic
634 1171 895 1239 populum
935 1171 1147 1223 venalia
1187 1171 1361 1224 multa
1400 1171 1688 1224 locantem:
1814 1184 1897 1224 155

209 1243 344 1295 Pars
384 1243 653 1296 vendebat
693 1262 843 1311 oveS,
883 1263 1009 1312 pars
1050 1262 1277 1313 corpora
1316 1262 1516 1314 magna
1556 1245 1861 1312 iuvencum,

209 1316 344 1369 Pars
384 1317 598 1369 inhians
638 1317 873 1369 nummis
916 1321 1087 1370 artem
1127 1336 1410 1370 numerare
1448 1319 1691 1371 vacabat.

210 1389 469 1443 Restibus
509 1390 597 1443 hic
637 1389 888 1443 Christus
928 1392 1162 1444 conectit
1199 1392 1426 1444 verbera
1464 1391 1623 1460 fiagri

208 1463 283 1517 Et
322 1464 461 1516 tales
500 1464 733 1533 populos
774 1468 961 1517 sancta
999 1466 1288 1534 proturbat
1327 1465 1394 1518 ab
1435 1465 1588 1534 aede,

210 1538 287 1590 Et
327 1556 542 1590 mensas
583 1542 798 1590 vertens
840 1538 979 1590 aeris
1018 1539 1302 1608 profundit
1341 1557 1560 1591 acervos
1818 1553 1900 1592 160

210 1611 287 1664 Et
328 1612 844 1680 superincrepitans:
883 1611 1118 1680 „Procul
1157 1612 1289 1665 haec
1330 1613 1534 1665 auferte
1573 1612 1810 1681 profani,

210 1684 288 1738 Ut
327 1703 478 1737 meus
517 1685 606 1738 hic
646 1685 880 1755 genitor,
919 1704 1029 1738 non
1070 1686 1287 1738 sordida
1326 1687 1478 1739 lucra
1517 1685 1810 1738 colantur.“

285 1758 424 1811 Tum
462 1776 693 1828 poscens
734 1759 952 1829 signum
990 1759 1178 1828 plebes
1216 1758 1418 1812 Iudaea
1454 1759 1741 1828 fremebat,

214 1831 332 1894 Quo
372 1831 543 1884 fidens
585 1832 794 1885 animos
832 1833 888 1884 in
928 1833 1061 1886 talia
1099 1833 1246 1886 facta
1285 1834 1506 1886 levaret.

209 1904 458 1958 Ventura
498 1905 740 1958 obscuris
780 1909 910 1959 tunc
950 1905 1199 1959 Christus
1238 1907 1375 1959 talia
1414 1907 1629 1960 miscet:
1813 1920 1896 1960 165

208 1977 456 2047 „Solvite
495 1979 721 2048 pollutis
762 1980 1012 2032 manibus
1052 1980 1362 2032 venerabile
1402 1981 1668 2047 templum

210 2051 351 2119 Hoc,
393 2070 493 2122 ego
534 2054 845 2121 restituam,
885 2072 1007 2106 cum
1045 2054 1210 2105 tertia
1248 2054 1454 2105 lumina
1494 2045 1624 2105 solis

208 2124 476 2194 Incipient
515 2126 737 2179 rutilam
778 2126 938 2180 terris
978 2126 1259 2179 infundere
1298 2127 1518 2180 lucem.“

212 2198 306 2251 Illi
345 2201 487 2252 inter
526 2218 642 2252 sese
681 2203 980 2253 tractantes
1021 2218 1294 2252 murmure
1334 2219 1512 2253 caeco:

214 2271 393 2342 „Hoc,
433 2273 608 2341 aiunt,
646 2275 736 2326 vix
777 2292 869 2326 sex
908 2277 963 2327 et
1001 2274 1362 2342 quadraginta
1401 2292 1495 2342 per
1536 2292 1704 2326 annos
1815 2289 1899 2328 170

214 2345 598 2399 Constructum
639 2349 837 2400 veteris
877 2349 1031 2418 regni
1072 2347 1349 2400 molimine
1389 2348 1656 2416 templum

215 2418 296 2471 Tu
336 2420 542 2488 poteris
582 2421 757 2474 tribus
796 2421 854 2473 in
894 2421 1086 2490 spatiis
1126 2439 1383 2474 renovare
1423 2421 1704 2474 dierum?“

213 2492 332 2546 Hoc
375 2494 594 2546 verbum
636 2495 906 2563 quondam
946 2497 1073 2564 post
1111 2498 1358 2564 tempora
1398 2494 1579 2547 debita
1618 2494 1767 2565 digni

215 2565 532 2636 Cognovere
572 2568 696 2636 viri,
735 2568 955 2637 proprio
997 2568 1060 2620 de
1101 2586 1322 2636 corpore
1364 2566 1640 2621 Christum

214 2639 519 2693 Delubrum
560 2640 760 2694 dixisse
798 2641 914 2694 Dei.
978 2639 1080 2694 Sed
1121 2642 1278 2711 signa
1317 2642 1558 2695 videntes
1815 2655 1898 2695 175

211 2713 350 2766 Tum
390 2714 549 2767 multi
589 2732 776 2784 cepere
814 2715 973 2767 fidem
1018 2714 1381 2784 Sanctumque
1423 2716 1606 2768 secuti.

282 2785 458 2841 Nocte
499 2787 599 2841 sub
642 2788 872 2841 obscura
911 2788 1054 2841 celso
1096 2788 1342 2841 sublatus
1382 2789 1586 2842 honore

330 2892 414 2933 149
446 2888 639 2946 ignarus
675 2887 769 2946 0¹11
795 2893 877 2933 162
911 2889 1126 2933 colantur
1159 2888 1307 2946 0¹V1,
1349 2888 1570 2949 colamur
1600 2889 1675 2945 M,
1715 2889 1897 2934 colatur

207 2947 254 2992 R
275 2948 292 3004 {l
317 2952 402 2994 164
435 2948 614 2993 animas
647 2947 704 2993 0¹
