2038 3192
210 149 283 201 54
919 144 1099 190 LIBER
1128 146 1183 190 11.

211 267 448 337 Quisque
489 284 668 319 meum
708 265 930 318 verbum
971 284 1209 318 summas
1250 266 1475 319 dimittit
1513 266 1571 318 in
1610 285 1788 337 aureS‚

209 341 324 395 Nec
365 358 551 394 sensus
591 339 783 408 recipit
822 339 1006 392 stabili
1043 343 1330 409 praecepta
1368 340 1574 409 vigore,

210 414 391 483 Eripit
428 413 574 466 illius
614 416 790 466 totum
831 413 894 465 de
933 417 1149 482 pectore
1190 413 1432 466 daemon.

208 488 312 541 Hic
353 505 483 558 agro
525 489 607 540 est
647 486 840 539 similis
881 486 1037 556 dure,
1077 487 1167 556 qui
1207 487 1451 558 germina
1489 486 1647 541 farris

207 562 450 631 Exponit
489 560 690 629 rapidis
732 559 919 613 avibus
961 560 1076 613 sine
1114 560 1271 630 fruge
1309 560 1570 630 rapinam.
1809 577 1893 618 ’180

210 634 346 688 Sunt
387 634 501 703 alii,
539 635 683 687 laeto
725 635 817 704 qui
855 636 1072 702 pectore
1109 637 1298 687 nostra
1335 637 1635 703 receptant,

209 707 314 762 Sed
351 708 532 761 brevis
572 711 655 761 est
693 707 804 760 illis
843 711 1126 776 perceptae
1167 708 1346 777 gratia
1384 707 1573 778 frugis

207 781 352 835 Nam
394 781 441 834 si
481 781 613 835 dura
651 783 864 851 premat
903 784 1139 834 mentem
1179 781 1434 835 strictura
1473 800 1721 836 coercens
1731 825 1745 853 ,

207 854 478 908 Continuo
518 855 718 925 trepidi
754 855 992 924 produnt
1031 854 1136 908 sibi
1174 855 1377 909 credita
1416 856 1543 909 leto.

206 929 309 982 His
351 947 577 983 saxosus
619 947 749 999 ager
789 928 956 982 simili
994 929 1214 982 levitate
1255 929 1485 982 virescit.
1807 943 1891 985 785
1930 990 1932 993 ,

206 1002 284 1055 At
324 1003 573 1072 spinosus
615 1020 743 1072 ager
782 1021 1032 1056 curarum
1072 1003 1213 1056 mole
1254 1003 1496 1073 gravatis

205 1076 540 1146 Respondet,
578 1079 832 1145 pressant
872 1094 1004 1146 quos
1044 1076 1282 1146 pondera
1322 1076 1649 1130 divitiarum.

207 1147 426 1203 Semina
465 1151 542 1204 sic
578 1149 754 1203 nostri
794 1149 1056 1203 sermonis
1096 1168 1283 1218 pressa
1323 1155 1634 1221 gravantur,

204 1223 258 1276 N
262 1242 320 1276 ec
359 1223 566 1276 fructus
608 1223 851 1291 sequitur
890 1223 1167 1291 spinarum
1206 1223 1430 1277 horrore
1469 1227 1708 1278 necatus

205 1297 441 1368 Pinguia
481 1298 558 1350 sic
595 1297 779 1349 itidem
821 1297 1043 1365 paribus
1085 1299 1233 1350 stant
1272 1297 1477 1350 viribus
1519 1317 1650 1352 arva
1807 1313 1892 1354 790

204 1369 345 1440 Illis,
386 1371 476 1441 qui
516 1371 691 1424 clarae
731 1370 951 1438 capiunt
987 1373 1277 1440 praecepta
1316 1371 1507 1424 salutis
1517 1413 1531 1439 ‚

205 1442 352 1505 Quae
391 1448 680 1514 penetrant
720 1445 959 1497 animum
1000 1462 1161 1496 sensu
1198 1447 1467 1498 tractante
1506 1447 1682 1499 tenaci

205 1516 663 1588 Gentiplicemque
701 1517 883 1570 ferunt
922 1517 1141 1570 virtutis
1181 1518 1376 1571 robore
1414 1518 1678 1588 frugem.“

203 1591 354 1645 Haec
393 1595 510 1644 tum
550 1591 831 1659 discipulis
871 1592 1124 1660 plebique
1163 1591 1296 1644 haec
1335 1592 1554 1660 insuper
1593 1593 1755 1647 addit.

277 1665 609 1736 „Agricolae
649 1665 823 1718 simile
863 1668 946 1718 est
983 1683 1211 1735 regnum
1251 1665 1480 1718 sublime
1512 1667 1768 1720 tonantis,
1806 1680 1889 1721 795

202 1709 306 1793 Ille'
342 1739 472 1792 iacit
508 1740 729 1808 proprio
769 1739 1030 1792 mandans
1070 1739 1213 1791 bona
1251 1739 1459 1792 semina
1496 1740 1631 1808 ruri,

206 1813 310 1867 Sed
348 1815 475 1897 post
514 1812 819 1882 subripiens
859 1813 1140 1866 hominum
1178 1812 1481 1866 insidiando
1522 1814 1705 1882 sopori

203 1888 349 1940 Trux
386 1886 636 1940 inimicus
676 1886 810 1955 adit,
850 1886 1147 1954 loliumque
1185 1886 1453 1957 inspergit
1491 1905 1748 1940 amarum.

202 1960 346 2014 Ecce
385 1960 479 2012 sed
518 1959 584 2012 ad
622 1960 860 2012 fructum
899 1961 1088 2012 culmis
1129 1977 1250 2011 cum
1291 1959 1499 2028 spiceus
1540 1960 1734 2014 horror

202 2034 497 2101 Processit,
537 2033 669 2086 lolio
710 2032 902 2086 messis
943 2033 1214 2085 maculata
1252 2033 1530 2086 redundat.
1800 2049 1885 2088 800

204 2107 345 2160 Tum
384 2107 600 2160 domino
638 2105 831 2159 famuli
869 2107 1125 2158 mirantes
1165 2106 1302 2159 talia
1339 2106 1545 2158 fantur:

202 2180 398 2234 Nonne
438 2181 640 2233 bonum
679 2184 855 2233 terrae
897 2198 1080 2232 semen
1116 2198 1212 2249 per
1250 2182 1406 2248 terga
1446 2180 1675 2233 dedisti?

202 2253 359 2308 Unde
396 2255 565 2324 igitur
604 2254 736 2307 lolio
776 2253 922 2322 turpi
959 2257 1054 2306 tua
1091 2271 1216 2305 rura
1255 2254 1589 2323 gravantur?

204 2326 308 2381 Sed
346 2329 476 2397 iam,
517 2327 565 2380 si
601 2328 810 2396 iubeaS‚
849 2345 1077 2380 messem
1117 2327 1469 2396 purgabimus
1511 2345 1744 2397 omnem,

203 2401 577 2470 Triticeusque
616 2401 761 2453 nitor
801 2401 999 2454 selecta
1039 2399 1193 2452 sorde
1233 2400 1466 2452 resistet.
1796 2414 1882 2455 805

205 2474 343 2527 Tum
384 2475 632 2527 dominus
673 2474 793 2527 miti
831 2479 1019 2528 contra
1059 2491 1305 2526 sermone
1343 2473 1612 2543 profatur:

202 2547 308 2601 Hic
348 2549 502 2602 dolus
542 2552 644 2617 est,
683 2547 912 2617 inimice,
951 2551 1100 2616 111118,
1141 2546 1232 2599 sed
1270 2547 1418 2600 farra
1458 2547 1698 2601 sinamus

323 2698 408 2739 ’779
442 2694 610 2749 duroq;
643 2693 850 2749 germine
882 2691 1017 2736 farris
1051 2691 1119 2746 0¹,
1153 2692 1267 2735 duro
1300 2691 1382 2747 qui
1413 2691 1624 2748 germina
1655 2691 1773 2735 calle
1810 2692 1846 2736 O
1872 2699 1883 2747 il

204 2757 292 2798 784
322 2753 448 2797 farra
481 2752 549 2798 01·
562 2751 595 2807 ⁸,
634 2752 760 2796 loeto
801 2752 852 2796 in
881 2764 972 2796 ras.
1009 2750 1084 2804 M,
1117 2751 1242 2794 loeto
1275 2749 1467 2806 R11785
1508 2750 1565 2794 de
1597 2750 1769 2795 vitaO¹
1794 2764 1884 2806 pro

201 2811 412 2867 levitate,
445 2825 559 2869 quae
590 2812 718 2855 lectio
750 2825 813 2854 an
843 2824 950 2854 vera
979 2810 1040 2853 sit
1070 2810 1260 2854 dubium
1291 2814 1354 2852 est
1376 2810 1391 2865 ΙΙ
1415 2814 1499 2854 ’791
1533 2807 1685 2854 clarae
1721 2808 1776 2854 0¹
1795 2809 1854 2851 V¹
1872 2809 1884 2865 μ

205 2875 288 2916 ’192
321 2871 553 2915 tractante
587 2868 626 2914 0
635 2869 772 2912 1Μαι
787 2869 874 2924 Mp
891 2868 959 2922 A,
991 2868 1196 2912 tractata
1226 2870 1240 2925 ΙΙ
1275 2872 1357 2913 797
1389 2868 1650 2925 subripiens
1684 2867 1721 2912 Ο
1750 2869 1766 2924 ΙΙ
1796 2871 1883 2912 805

201 2929 392 2974 resistet
425 2928 480 2973 0¹
501 2928 579 2983 1⁷2,
611 2927 783 2972 nitebit
813 2927 1011 2983 MatV1,
1042 2927 1242 2972 nitescet
