2038 3192
178 162 248 215 38
880 158 1063 202 LIBER
1094 158 1149 203 Π.

179 282 447 335 Ardorem
488 279 772 333 excludent
811 282 1033 332 aeterna
1071 279 1126 331 in
1167 279 1344 332 saecla
1381 279 1613 333 bibendi.

178 355 374 409 Dulcia
412 353 735 424 provenient
772 353 947 405 nostri
988 352 1074 406 cui
1113 353 1309 420 pocula
1346 352 1538 422 fontis,

178 428 411 499 Largior
452 427 575 480 inde
614 426 746 479 fluet
783 426 970 479 vitalis
1011 426 1190 497 gratia
1228 427 1434 479 fluctus,
1780 439 1866 481 270

179 501 283 555 Sed
323 500 646 554 desiderium
685 503 906 553 nostrae
946 499 994 552 si
1031 505 1085 552 te
1125 500 1272 569 capit
1311 500 1508 568 undae,

177 576 405 630 Excitus
444 575 630 627 veniat
668 578 847 627 tecum
886 591 1012 627 mox
1048 574 1180 626 urbe
1220 572 1492 627 marituS.“

178 647 446 719 Coniugio
490 666 605 701 sese
645 648 839 700 mulier
876 650 1044 718 negat
1083 665 1198 700 esse
1237 648 1547 701 revinctam.

178 722 328 776 Tunc
367 723 444 775 sic
482 721 830 791 prosequitur
870 721 1067 774 mentis
1109 725 1419 790 perspector
1455 721 1631 774 Iesus:

175 795 460 866 ‚,Femina‚
500 795 747 848 veridicis
788 796 1024 864 loqueris
1065 795 1129 847 de
1169 795 1393 865 coniuge
1433 795 1629 848 verbis,
1781 809 1866 849 275

175 869 320 923 Nam
360 872 421 922 tu
463 869 706 923 conubiis
745 887 882 922 nexa
923 887 979 922 es
1018 869 1128 921 iam
1169 869 1402 938 quinque
1441 869 1704 939 virorum,

177 942 339 997 Nunc
379 944 558 996 aliena
597 961 758 1011 super
794 943 1161 996 thalamorum
1199 943 1413 1002 vincula
1450 943 1647 996 tollis.“

176 1017 317 1070 Tum
348 1017 564 1070 mulier:
603 1016 905 1084 „Sanctum
936 1020 991 1070 te
1024 1019 1231 1070 certum
1264 1020 1346 1070 est
1378 1035 1494 1069 esse
1526 1017 1864 1087 prophetam.

177 1090 282 1145 Sed
318 1092 496 1144 nostri
534 1091 692 1144 istius
730 1091 1095 1144 venerandum
1135 1092 1336 1144 montis
1376 1091 1432 1143 in
1472 1109 1592 1144 arce

176 1163 532 1234 Praeceptum
573 1165 734 1218 nobis
775 1164 1047 1234 quondam
1087 1164 1293 1233 liquere
1332 1169 1607 1235 parentes,
1780 1178 1869 1219 280

180 1238 257 1291 At
295 1257 391 1292 vos
429 1239 486 1290 in
527 1237 763 1306 Solymis
805 1239 1067 1290 orandum
1109 1238 1284 1291 dicitis
1326 1239 1473 1291 oris“

178 1312 333 1365 Talia
372 1308 578 1365 dicenti⁴
612 1330 738 1365 mox
776 1312 912 1364 talia
950 1311 1125 1364 reddit
1161 1311 1334 1364 Iesus:

178 1386 310 1456 „En
350 1386 523 1438 aderit
560 1389 799 1455 tempuS‚
840 1387 1039 1439 montis
1082 1404 1203 1439 cum
1242 1386 1444 1439 vertice
1483 1387 1651 1439 vestri

177 1459 441 1513 Omnibus
482 1464 536 1512 et
578 1458 813 1528 Solymis
855 1460 1029 1512 aberit
1068 1459 1342 1512 veneratio
1381 1460 1556 1529 longe.

176 1531 280 1586 Sed
318 1552 461 1586 nunc
501 1536 648 1586 certa
688 1534 835 1586 salus
876 1532 1089 1586 Iudaeis
1131 1537 1318 1603 surget
1358 1533 1426 1586 ab
1467 1534 1598 1602 oris,
1780 1547 1865 1588 285

180 1607 257 1661 Et
295 1626 437 1660 nunc
475 1607 729 1660 instantis
770 1625 956 1660 cursus
997 1607 1106 1660 iam
1145 1606 1407 1676 temporis
1448 1612 1631 1678 urget,

181 1680 318 1735 Cum
357 1681 472 1734 veri
512 1684 758 1734 sanctum
799 1681 1103 1752 genitorem
1143 1689 1323 1734 errore
1363 1686 1571 1734 remoto

185 1754 434 1809 Cultores
474 1754 631 1808 iustis
674 1755 871 1807 armati
909 1754 1124 1826 legibus
1165 1758 1336 1807 orent.

187 1827 423 1897 Spiritus
461 1828 548 1881 his
589 1847 652 1882 ac
690 1828 853 1898 plena
890 1828 1024 1881 fides
1065 1828 1169 1881 erit
1209 1831 1263 1881 et
1302 1831 1459 1898 pater
1500 1829 1642 1882 altus

178 1901 338 1956 Talia
377 1901 651 1972 conquirit
690 1902 961 1955 cultorum
999 1905 1221 1971 pectora
1259 1902 1465 1954 terriS.“
1777 1917 1862 1957 290

175 1975 280 2028 Illa
319 1975 530 2029 dehinc:
568 2017 597 2042 ,‚
611 1974 819 2028 Scimus
831 2018 844 2043 ‚
885 1976 1026 2045 quod
1067 1973 1315 2028 Christus
1354 1977 1576 2029 nuntius
1618 1977 1737 2030 orbi

175 2049 431 2103 Adventu
469 2050 692 2119 proprio
731 2049 925 2102 vitalia
966 2049 1180 2103 saecula
1218 2049 1466 2117 pandet.“

174 2123 252 2176 Et
290 2128 408 2176 tum
447 2126 770 2192 peccantum
809 2124 992 2193 largus
1033 2123 1320 2175 miserator
1357 2121 1508 2175 Iesus

181 2195 249 2250 Se
289 2197 475 2249 lumen
512 2197 674 2250 terris
716 2195 996 2250 Christum
1035 2195 1245 2249 venisse
1284 2195 1500 2248 fatetur.

176 2270 254 2324 Et
292 2272 402 2323 iam
443 2270 695 2340 discipuli
733 2270 951 2323 reduces
994 2273 1248 2340 stupuere
1288 2269 1633 2338 magistrum,
1780 2283 1866 2323 295

181 2344 335 2407 Quod
377 2347 584 2397 secreta
621 2344 733 2396 illis
772 2344 1040 2414 potiretur
1078 2343 1280 2395 femina
1321 2343 1513 2396 verbis.

179 2416 258 2470 At
295 2435 590 2487 properans
631 2436 823 2470 urnam
862 2417 1056 2470 mulier
1094 2435 1192 2486 pro
1231 2416 1381 2469 fonte
1422 2417 1643 2485 reliquit

180 2490 256 2544 Et
293 2491 555 2560 populum
593 2491 725 2544 totis
766 2491 948 2544 eduxit
988 2490 1269 2543 moenibus
1310 2490 1474 2542 urbis.

183 2562 377 2618 Omnia
414 2583 543 2617 nam
583 2567 870 2632 memorat,
911 2564 1127 2617 sibimet
1167 2581 1412 2616 sermone
1451 2563 1748 2633 prophetae

299 2713 386 2755 285
419 2712 580 2767 surget
612 2709 746 2764 0¹M,
780 2708 931 2766 surgit
959 2708 1018 2763 R,
1050 2709 1182 2753 venit
1222 2708 1378 2764 V¹Mp
1410 2710 1426 2765 ΙΙ
1450 2713 1556 2765 post
1586 2711 1671 2753 289
1704 2708 1870 2765 leqitur

180 2773 222 2813 et
253 2770 345 2814 div.
376 2782 462 2814 scr.
494 2782 582 2813 esse
613 2769 664 2812 in
695 2769 902 2826 marqine
931 2769 1241 2825 siqnificatum
1272 2772 1361 2812 est:
1411 2767 1611 2824 Spiritus
1643 2768 1785 2822 atque
1817 2765 1867 2809 fi-

183 2828 263 2873 des
293 2827 447 2872 aderit
478 2826 618 2871 simul
650 2829 697 2870 et
727 2829 863 2883 pater
893 2826 1017 2871 altus
1051 2825 1121 2879 0¹,
1152 2827 1225 2870 hic
1254 2839 1409 2870 versus
1439 2827 1562 2871 solus
1586 2839 1684 2891 pro
1706 2839 1746 2869 v.
1771 2827 1869 2869 289

178 2887 287 2931 Mat
321 2888 410 2944 ΜΡ
432 2888 448 2942 ΙΙ
471 2891 557 2931 293
590 2886 828 2942 peccantis
861 2884 918 2930 0¹
940 2887 956 2941 ΙΙ
987 2890 1074 2929 294
1107 2860 1314 2929 &hristus
1349 2884 1405 2929 G¹
1443 2887 1459 2942 ΙΙ
1496 2889 1583 2929 296
1614 2882 1740 2928 illius
1777 2883 1869 2927 M*

174 2944 248 2989 R*
266 2944 367 2990 1⁷²*
384 2945 511 3003 ΜΡ,
545 2944 639 2988 illis
673 2944 896 2988 M*’⁸R**
914 2944 986 2999 V1,
1019 2943 1092 2988 illi
1125 2942 1348 3000 G¹Mp³⁸²¹=
